2528 4074
906 409 1212 451 GENERAL
1244 410 1466 450 INDEX.

166 556 431 611 Exemplum
475 554 660 610 orologii
702 553 958 595 medullitus
999 565 1146 608 prose-

223 619 375 658 cutum
405 618 474 655 est
503 613 560 654 ab
591 616 772 654 auctore
803 612 903 653 302.

70 706 76 712 .
166 672 396 716 Exercitus
418 670 765 726 exivitAngliam
784 669 831 710 in
848 668 1054 711 Cruciata
1077 670 1143 710 19.

168 756 222 763 -
252 731 326 773 dei
355 734 400 772 et
428 729 608 783 dyaboli
635 732 985 783 compugnantes
1017 728 1115 769 323.

164 788 457 832 Exhorbitant
475 791 596 829 secte
616 799 644 828 a
662 786 821 842 regula
843 786 1052 828 cristiana
1073 786 1142 828 37.

28 815 79 924 ’ζ’
164 849 298 890 Exire
329 845 504 888 ordines
532 846 603 888 45.

167 930 222 938 -
253 905 428 948 ordines
459 908 504 946 et
522 904 688 946 intrare
708 906 876 945 sectam
895 903 999 945 Iesu
1015 901 1145 944 Cristi

221 963 427 1019 compelli
478 962 644 1004 debent
685 974 875 1017 persone
924 966 1144 1004 sectarum

165 1023 367 1124 —Ziliilido
405 1080 461 1121 ab
501 1092 594 1121 una
623 1083 746 1121 secta
781 1078 829 1119 in
866 1078 1001 1121 aliam
1031 1092 1146 1121 com-

219 1139 409 1181 mittitur
437 1137 662 1193 apostasia
694 1139 791 1180 139.

161 1197 450 1240 Existimacio
479 1197 635 1252 iniqua
665 1197 763 1238 129.

161 1255 406 1298 Exonerari
435 1256 566 1298 sectis
594 1259 745 1310 posset
772 1267 962 1310 regnum
992 1255 1091 1296 383.

161 1315 430 1382 Expectacio
460 1314 690 1356 conflictus
709 1312 977 1369 gloriosique
991 1313 1144 1355 trium-

161 1372 398 1532 1:2{2211256
419 1430 586 1473 debent
604 1442 745 1487 regna
765 1429 942 1472 ordines
957 1429 1143 1472 fratrum

78 1541 101 1551 ”
163 1548 369 1590 —llende
402 1553 506 1590 sunt
534 1551 655 1589 secte
678 1547 736 1589 ab
757 1546 947 1589 ecclesia
977 1548 1076 1590 354.

70 1629 74 1635 ·
162 1631 216 1639 —
248 1611 352 1649 sunt
382 1619 536 1648 omnes
565 1610 694 1648 secte.
716 1618 744 1647 a
765 1607 915 1662 regnis
945 1605 1145 1648 fidelium

216 1670 365 1722 preter
394 1669 562 1707 sectam
591 1663 722 1707 Cristi
753 1665 851 1706 316.

157 1724 431 1780 Expendunt
460 1723 616 1766 fratres
637 1723 755 1765 bona
769 1736 1019 1780 pauperum
1038 1736 1145 1778 ypo-

217 1783 368 1826 critice
400 1783 499 1825 254.

72 1886 73 1889 ,
160 1866 214 1873 -
231 1846 352 1884 secte
366 1841 485 1883 bona
498 1854 746 1897 pauperum
762 1841 809 1882 in
825 1840 1028 1883 domibus
1045 1841 1143 1882 253.

161 1925 214 1932 —
245 1900 403 1942 fratres
434 1901 491 1943 40
521 1900 644 1942 milia
670 1900 883 1942 librarum
904 1899 960 1942 de
981 1899 1145 1955 Anglia

157 2019 369 2073 Expensa
398 2018 624 2073 superflua
653 2017 839 2060 fratrum
871 2017 968 2060 193.

159 2100 214 2107 -
246 2076 302 2118 de
332 2076 460 2118 bonis
492 2076 680 2118 ecclesie
713 2077 811 2119 193.

157 2135 454 2191 Experiencia
491 2134 621 2177 docet
662 2134 863 2177 homines
918 2139 963 2177 et
1007 2146 1144 2190 ange-

214 2194 280 2236 los
311 2194 380 2236 76.

157 2253 388 2308 Expetunt
417 2257 537 2294 secte
569 2252 780 2295 ecclesias
812 2254 910 2295 196.

157 2311 394 2367 Expiracio
424 2315 564 2353 status
593 2323 710 2367 pape
744 2311 841 2354 171.

157 2370 392 2426 Exposicio
422 2370 600 2426 spiritus
629 2370 772 2412 sancti
803 2371 872 2413 75.

159 2452 214 2460 -
245 2428 443 2471 heretica
471 2427 578 2470 fidei
607 2429 821 2485 scripture
854 2430 922 2472 74.

158 2510 213 2518 —
244 2500 400 2530 sensus
430 2487 577 2542 script.
607 2500 689 2543 per
726 2487 883 2530 fideles
913 2479 1142 2542 ex‘perien-

215 2546 286 2588 cia
316 2545 467 2588 doctos
498 2546 566 2589 76.

64 2587 66 2591 V
156 2605 473 2660 Expostulacio
502 2605 671 2647 vocalis
701 2606 800 2648 344.

156 2664 388 2719 Expressit
417 2663 585 2706 Oristus
615 2664 804 2707 ecclesie
837 2664 1022 2706 fratrum
1053 2677 1144 2706 sec-

157 2781 507 2836 Exproprietarii
527 2781 685 2823 fratres
705 2794 753 2823 se
775 2794 872 2823 esse
888 2780 1043 2822 dicunt
1072 2782 1143 2823 46.

158 2863 213 2870 —-
258 2839 455 2896 religiosi
498 2844 603 2882 sunt
645 2839 874 2882 brachium
921 2839 1145 2881 sinistrum

217 2898 433 2940 anticristi
464 2899 562 2941 324.

157 2957 330 2999 —taria
358 2957 544 2999 fratrum
575 2958 645 3000 94.

157 3015 450 3072 Expugnacio
486 3015 735 3059 infidelium
779 3028 871 3057 non
909 3019 976 3057 est
1012 3014 1145 3056 docta

216 3087 244 3116 a
275 3073 416 3116 Oristo
448 3075 548 3117 271.
1097 3102 1099 3104 -

156 3133 419 3189 Expurgare
448 3145 477 3175 a
494 3133 682 3176 terrenis
702 3132 1018 3175 affeccionibus
1044 3133 1142 3174 147.

158 3214 213 3221 -
245 3204 274 3233 a
288 3192 414 3233 viciis
434 3196 602 3234 sectam
618 3191 747 3234 Cristi
762 3191 1144 3247 pernecessarium

158 3250 718 3409 —gggidazZ-ssigentissime
747 3308 863 3350 foret
876 3313 999 3350 secta
1014 3307 1145 3350 Cristi

158 3425 366 3481 —gande
396 3430 501 3467 sunt
529 3430 649 3468 secte
680 3425 780 3468 242.

159 3484 217 3525 ad
239 3484 491 3540 —gandam
506 3484 717 3540 Angliam
747 3483 803 3526 de
823 3484 1031 3526 fratribus
1053 3484 1142 3526 suf-

217 3542 309 3584 ficit
338 3543 524 3585 fratrum
552 3543 790 3585 thezaurus
820 3543 919 3585 253.

158 3601 380 3657 Extirpari
410 3601 576 3644 debent
604 3602 803 3644 membra
829 3601 1011 3656 dyaboli
1040 3602 1140 3645 464.

2115 414 2218 463 759

1236 553 1432 594 Extense
1464 552 1701 594 offenditur
1730 553 1777 593 in
1805 554 2010 607 quintum
2039 555 2221 596 manda-

1294 615 1390 652 tum
1419 610 1572 652 tabule
1603 610 1798 652 secunde
1831 612 1928 653 121.

1235 669 1392 710 Exteri
1422 668 1620 710 ordinem
1652 668 1900 715 defendunt
1932 671 2029 711 333.

1236 727 1293 768 ad
1310 739 1466 768 —eras
1481 731 1631 781 partes
1651 727 1798 768 missio
1819 728 2009 781 pecunie
2030 729 2222 770 fructum

1293 786 1459 827 bonum
1488 799 1580 826 non
1608 785 1745 826 habet
1771 786 1869 827 271.

1234 843 1467 885 Extinccio
1499 843 1755 885 dileccionis
1785 857 1866 898 per
1895 844 2054 886 fratres
2086 846 2155 888 66.

1235 902 1518 944 Extollencia
1547 902 1652 944 Iesu
1683 901 1813 943 Cristi
1844 903 1942 944 300.

1241 961 1364 1002 -cie
1395 960 1609 1003 anticristi
1640 962 1738 1003 557.

1234 1019 1422 1061 Extollit
1441 1033 1488 1062 se
1509 1019 1727 1074 dyabolus
1747 1033 1881 1075 supra
1902 1019 2092 1062 Cristum
2113 1021 2221 1075 6113

1240 1137 1386 1179 —itur
1415 1137 1668 1179 anticristus
1699 1149 1833 1192 supra
1865 1136 2055 1179 Cristum
2085 1138 2184 1180 457.

1178 1200 1182 1206 '
1237 1219 1292 1225 —
1324 1196 1577 1237 anticristus
1608 1197 1677 1237 99.

1235 1255 1452 1296 Extranei
1467 1268 1524 1296 ex
1539 1254 1879 1296 continuacione
1892 1259 2012 1296 secte
2025 1255 2224 1310 dampni-

1294 1311 1485 1354 ficantur
1515 1313 1612 1354 271.

1235 1371 1444 1412 Extrusio
1482 1383 1672 1426 persone
1717 1371 1848 1413 unius
1892 1371 1940 1412 in
1977 1372 2108 1413 sectis
2144 1385 2225 1428 per

1293 1430 1511 1485 reliquam
1542 1430 1615 1473 43.

1235 1488 1293 1530 ad
1338 1488 1608 1530 Exuendum
1654 1493 1798 1530 sectas
1841 1488 2045 1531 laborare
2091 1489 2225 1531 debet

1295 1547 1372 1602 qui
1402 1551 1523 1588 amat
1554 1547 1788 1589 ecclesiam
1821 1549 1889 1589 60.

1234 1606 1407 1648 Eversa
1438 1611 1505 1648 est
1534 1605 1690 1662 religio
1723 1605 1853 1648 Cristi
1889 1607 1987 1648 335.

1699 1764 1754 1810 F.

1235 1898 1495 1940 Fabricacio
1527 1899 1752 1954 glosarum
1782 1913 1862 1954 per
1891 1899 2049 1941 fratres
2080 1901 2150 1943 45.

1235 1957 1411 1999 Fabule
1443 1957 1498 1999 de
1529 1958 1785 2013 purgatorio
1818 1959 1916 2000 148.

1237 2040 1291 2046 —-
1325 2016 1381 2058 de
1410 2017 1666 2072 purgatorio
1698 2016 1941 2058 deridende
1972 2022 2076 2059 sunt
2104 2018 2203 2059 148.

1237 2098 1290 2104 —
1324 2075 1520 2130 apocrife
1552 2075 1607 2117 de
1639 2076 1802 2117 sanctis
1833 2079 2055 2117 sectarum
2086 2077 2184 2118 304.

1239 2157 1292 2164 —
1326 2133 1381 2176 de
1412 2133 1604 2176 cultellis
1635 2134 1892 2176 carnificum
1924 2136 2023 2177 631.

1238 2192 1362 2234 —las
1392 2192 1631 2235 mendaces
1662 2198 1782 2235 secte
1813 2192 1986 2235 addunt
2018 2194 2115 2236 183.

1235 2251 1481 2293 secundum
1526 2276 1581 2282 —
1629 2252 1798 2294 rixosas
1843 2253 2059 2308 populum
2103 2258 2224 2294 secte

1299 2310 1551 2352 allocuntur
1582 2311 1652 2353 52.

1234 2369 1404 2411 Facere
1442 2370 1694 2425 oppositum
1732 2370 1852 2425 quod
1882 2369 2066 2412 mandat
2095 2383 2224 2425 supe-

1295 2428 1383 2470 rior
1413 2429 1512 2470 299.

1234 2487 1423 2528 Facesia
1454 2486 1584 2529 Cristi
1617 2487 1687 2529 78.

1233 2546 1491 2587 Facilitavit
1521 2545 1757 2587 ecclesiam
1787 2545 1954 2589 Cristus
1985 2547 2084 2589 262.

1234 2604 1429 2646 Facinus
1459 2617 1677 2660 paparum
1708 2605 1806 2646 676.

1234 2663 1376 2705 Facta
1423 2664 1557 2705 unius
1606 2676 1795 2718 persone
1845 2667 1965 2705 secte
2012 2664 2226 2706 attributa

1293 2722 1375 2764 toti
1406 2722 1549 2764 ordini
1580 2723 1679 2764 224.

1236 2804 1291 2810 -
1323 2781 1510 2823 fratrum
1539 2780 1639 2836 plus
1660 2781 1823 2823 docent
1842 2780 1989 2823 verbis
2011 2781 2101 2822 suis
2122 2781 2222 2822 482.

1235 2844 1388 2881 —tum
1403 2840 1792 2895 pseudopapamm
1815 2853 1923 2881 num
1937 2839 2108 2881 licitum
2124 2841 2224 2883 464.

1233 2898 1436 2940 Fallacia
1466 2898 1647 2953 dyaboli
1678 2900 1777 2941 250.

1233 2979 1290 2987 —·
1321 2957 1470 3000 media
1499 2958 1685 2999 fratrum
1717 2959 1814 3000 353.

1232 3015 1369 3057 Falsa
1400 3017 1548 3071 opinio
1580 3016 1636 3058 de
1666 3017 1835 3058 minore
1856 3029 2007 3058 amore
2028 3015 2225 3058 cristiani

1294 3087 1402 3131 erga
1432 3075 1566 3117 deum
1599 3076 1697 3118 125.

1235 3155 1289 3162 —
1323 3133 1508 3176 dileccio
1540 3138 1762 3175 sectarum
1793 3135 1861 3176 66.

1234 3215 1288 3222 —
1319 3193 1458 3234 verba
1489 3192 1620 3234 Cristi
1650 3192 1896 3234 secundum
1928 3192 2086 3234 fratres
2118 3192 2187 3234 69.

1234 3273 1288 3280 —
1307 3256 1411 3293 sunt
1425 3251 1671 3293 secundum
1687 3251 1844 3293 fratres
1859 3251 2000 3293 verba
2009 3250 2141 3292 Cristi
2152 3252 2220 3293 69.

1235 3333 1289 3338 -
1323 3314 1368 3351 et
1397 3310 1569 3351 ludicra
1599 3310 1758 3352 fratres
1789 3309 2022 3365 predicant
2043 3314 2226 3365 propter

1292 3373 1500 3423 questum
1533 3369 1600 3410 72.

1233 3450 1292 3456 —
1321 3426 1448 3469 ficcio
1478 3432 1766 3482 patronorum
1797 3428 1867 3469 24.

1234 3499 1340 3527 —se
1371 3485 1474 3527 ficta
1504 3485 1715 3542 suffragia
1747 3487 1844 3528 149.

1235 3567 1287 3574 —
1321 3545 1565 3600 negociarii
1595 3544 1651 3586 de
1683 3545 1870 3586 subditis
1902 3545 1970 3587 32.

1235 3626 1290 3632 —
1322 3603 1670 3645 adinvenciones
1701 3603 1886 3645 fratrum
1917 3604 1989 3645 47.
