2528 4074
885 408 1190 451 GENERAL
1220 409 1441 450 INDEX.

60 584 68 614 5
150 556 340 612 Dyaboli
361 568 535 599 camere
555 562 659 599 sunt
677 557 991 600 conventicula
1012 558 1124 599 ordi-

205 629 311 658 num
342 615 410 656 57.

46 662 64 731 s
152 697 204 716 -.
233 673 430 716 membra
461 673 694 728 exstirpari
723 638 888 716 debent
916 675 1016 716 464.

53 730 68 755 ³³
149 755 204 764 -
232 745 454 774 venenum
483 732 532 773 in
559 744 678 787 papa
707 733 807 774 461.

6 782 75 875 533⁴

19 854 76 907 222

0 903 97 949 ’,Ἃ-ἒ*

149 813 203 822 -—
233 794 349 832 artes
379 791 476 832 367.

148 872 203 880 --
224 848 434 891 versucia
462 852 615 890 contra
633 847 788 891 fideles
817 863 875 892 ne
894 850 1127 905 prevaleat

203 908 299 950 374.

68 959 436 1007 '-filii217.

127 1062 131 1065 .
148 1046 199 1057 -
228 1023 555 1066 filios-enutrire
578 1037 670 1066 non
685 1029 753 1066 est
765 1024 906 1067 honor
922 1025 1006 1068 deo
1023 1026 1121 1068 383.

50 1099 81 1117 -ι
145 1105 198 1112 -
227 1082 307 1124 fflii
333 1082 512 1137 presciti
541 1082 598 1123 ad
627 1096 792 1138 penam
823 1084 921 1127 225.

23 1142 25 1148 '
79 1173 90 1198 ·.
145 1163 199 1172 -
227 1144 416 1196 quatuor
452 1141 652 1183 membra
687 1155 789 1183 cum
825 1143 914 1185 suis
943 1143 1123 1198 compli-

198 1198 320 1241 cibus
351 1200 449 1241 395.

144 1280 198 1287 -
225 1257 420 1299 medium
459 1258 518 1299 ad
561 1258 866 1301 reducendum
903 1260 1118 1315 populum

198 1317 294 1359 673.

27 1341 38 1370 ·’“
74 1354 93 1394 ..⁴
142 1396 194 1405 ,,,
224 1374 399 1416 malicia
429 1374 506 1416 dju
535 1375 744 1418 indurata
773 1377 872 1419 249·

16 1428 19 1432 ’
52 1432 54 1434 ’
88 1446 114 1467 “-
140 1454 195 1463 -
223 1432 363 1475 filium
390 1434 719 1488 preponderare
747 1436 796 1476 in
835 1448 984 1478 amore
1018 1437 1116 1479 170.

142 1513 193 1522 —
223 1491 302 1533 filii
331 1496 435 1533 sunt
466 1492 595 1534 multi
625 1494 724 1534 214.

6 1526 29 1590 f
97 1565 103 1571 -
139 1571 194 1579 -
222 1549 305 1592 filii-
331 1550 440 1605 quid
469 1551 637 1594 faciant
667 1552 766 1594 214.

86 1630 87 1636 =
139 1630 193 1639 --
221 1610 420 1651 membra
455 1611 551 1652 135.

90 1685 98 1714 f
138 1689 193 1697 --
221 1668 399 1710 cautela
436 1669 534 1710 166.

140 1747 188 1756 -—
218 1725 348 1768 nidus
377 1727 538 1782 plenus
566 1729 886 1783 temporalibus
919 1731 1016 1772 133.

9 1771 15 1798 ³
93 1775 95 1778 Α
137 1806 188 1814 --
202 1822 205 1824 .
218 1785 444 1841 religionis
474 1786 611 1828 stulta
641 1787 859 1843 obligacio
892 1790 961 1830 32.

136 1865 190 1873 —
218 1844 398 1886 cautela
433 1850 668 1899 peccatum
704 1846 890 1889 ecclesie
931 1848 1013 1889 scit
1043 1848 1117 1890 ab·

190 1903 401 1945 scondere
432 1904 501 1945 91.

134 1983 189 1990 —-
216 1974 406 2017 regnum
442 1976 576 2017 super
613 1963 846 2006 mendacio
877 1965 1111 2007 fundatum

178 2020 288 2063 106.

135 2099 186 2108 —
208 2079 504 2120 membrorum
519 2081 812 2123 communitas
833 2081 976 2123 ferum
992 2096 1115 2126 mare

139 2147 142 2149 ·
188 2142 372 2179 vocatur
402 2139 471 2180 73.

8 2228 10 2232 ,
83 2191 94 2235 j
133 2217 186 2225 —
215 2201 448 2251 peccatum
477 2197 733 2239 insensibile
766 2200 834 2240 93.

131 2275 187 2284 -··
214 2254 289 2297 lex
307 2255 439 2297 hodie
455 2256 617 2298 multos
631 2256 827 2299 fautores
841 2257 979 2300 habet
1013 2261 1111 2302 698.

87 2331 89 2333 ’
131 2335 186 2342 -
214 2313 406 2356 vicarius
434 2315 482 2355 in
511 2319 631 2357 terra
662 2317 760 2358 699.

132 2393 185 2401 -
215 2373 413 2415 membra
441 2373 537 2429 ipse
568 2373 785 2428 dyabolus
815 2380 918 2417 sunt
948 2378 1048 2419 699.

0 2450 3 2452 >
95 2443 100 2445 “
133 2452 180 2460 -
214 2433 413 2474 membra
456 2437 560 2474 sunt
595 2438 744 2488 partes
783 2435 1002 2477 exercitus
1045 2436 1113 2477 sui

186 2482 283 2532 325.

80 2535 82 2540 ,
129 2569 183 2577 -
215 2550 435 2592 exercitus
465 2554 532 2592 est
560 2564 701 2591 unum
731 2564 888 2606 corpus
918 2553 1016 2594 325.

129 2628 183 2636 -
214 2608 435 2650 exercitus
463 2609 729 2664 principium
761 2610 860 2652 324.

129 2687 182 2694 -
214 2667 434 2709 exercitus
463 2672 690 2709 armatura
718 2669 816 2710 324.

86 2723 94 2734 ’
128 2746 182 2754 -
212 2726 432 2767 exercitus
463 2726 554 2768 dux
585 2731 652 2768 est
677 2739 797 2782 papa
831 2727 930 2770 324.

128 2804 181 2812 -
211 2784 473 2840 capitaneus
504 2790 572 2827 est
600 2785 852 2827 anticristus
883 2787 981 2829 323.

0 2825 3 2828 ,
85 2850 87 2855 ·
129 2863 181 2871 -
210 2843 434 2898 sophisma
461 2844 653 2886 faciliter
688 2844 978 2900 impugnatur
1008 2847 1106 2889 325.

10 2928 14 2931 -
79 2934 95 2941 -
129 2922 182 2931 -
211 2914 313 2957 pars
328 2902 530 2957 prevalet
542 2903 590 2944 in
605 2903 762 2945 diebus
779 2905 971 2946 auctoris
1003 2906 1105 2948 600.

129 2980 182 2989 —
211 2961 478 3003 subtilitates
509 2963 607 3004 599.

0 3031 2 3038 “
71 3035 75 3042 *
126 3040 180 3048 -—
208 3018 378 3061 invidia
406 3034 523 3062 mors
552 3020 600 3062 in
619 3021 772 3063 orbem
793 3025 1012 3063 terrarum
1043 3023 1108 3064 in-

179 3078 312 3120 travit
342 3079 441 3121 328.

84 3147 86 3150 ·
125 3156 179 3164 -
206 3141 513 3204 procuratores
550 3142 654 3180 sunt
689 3135 768 3193 qu‘i
803 3144 976 3195 augent
1005 3140 1106 3182 reli-

0 3196 5 3223 ἰ
80 3225 94 3245 ,Δ
179 3194 333 3250 giones
361 3196 472 3251 priv.

123 3273 178 3281 —
208 3254 459 3296 merdosum
488 3197 681 3310 p5o2risma
713 3257 811 3298 611.

78 3302 91 3326 ¹
123 3331 176 3340 -
206 3313 451 3368 proprietas
483 3314 582 3356 362.

123 3390 176 3399 —
207 3372 443 3414 manifesta
471 3372 670 3415 condicio
689 3373 737 3414 in
762 3372 971 3416 fratribus
1003 3375 1104 3416 367.

0 3434 3 3437 “
72 3438 78 3453 ··
124 3448 178 3457 -
205 3429 471 3485 inquitatem
521 3430 747 3487 sophistici
800 3432 1120 3487 predicatores>

178 3487 330 3530 fovent
360 3490 460 3531 263.

123 3567 177 3575 —
207 3546 364 3589 fratres
395 3552 499 3589 sunt
529 3549 627 3590 364.

0 3599 10 3634 ἓ
62 3623 63 3626 “
123 3625 175 3633 -—
206 3604 485 3648 domesticari
514 3620 606 3648 non
633 3612 819 3662 possunt
852 3609 951 3651 363.

211 3690 344 3734 Wolff,
367 3691 567 3726 Polemical
593 3692 732 3728 Worke.

2096 416 2199 465 753

1217 553 1412 606 Dyaboli
1442 555 1624 609 presciti
1654 560 1757 597 sunt
1788 557 1886 598 364.

1217 634 1273 642 —
1304 613 1351 653 in
1389 613 1712 667 dampnacione
1757 614 2011 656 mendicare
2047 615 2200 657 viden-

1217 673 1503 771 —tlhlogeiges
1535 743 1562 770 a
1591 730 1718 770 bonis
1749 729 1940 784 spoliant
1978 731 2074 773 150.

1216 810 1272 816 —
1304 788 1486 842 quidam
1515 801 1632 843 pape
1664 793 1767 829 sunt
1808 789 1907 830 664.

1217 870 1272 875 —
1303 847 1350 888 in
1380 847 1525 888 heresi
1555 851 1658 888 sunt
1687 846 1983 893 insolubiliter
2012 848 2201 890 involuti

1215 906 1430 1006 -3i3n3ulti
1450 969 1770 1005 conversantur
1798 978 1900 1006 cum
1918 963 2123 1006 fidelibus
2152 965 2200 1006 in

1273 1023 1462 1065 ecclesia
1493 1023 1591 1065 361.

1214 1103 1268 1109 —
1299 1081 1462 1124 larvati
1492 1082 1589 1123 363.

1214 1162 1267 1168 —
1299 1140 1537 1182 inveterati
1569 1141 1666 1181 363.

1213 1221 1266 1227 —
1298 1199 1518 1241 incarnati
1562 1199 1702 1240 maior
1746 1198 1946 1240 condicio
1991 1199 2198 1254 superbie

1212 1259 1396 1358 -3ξέἐθ
1428 1316 1635 1357 dicuntur
1663 1316 1843 1371 presciti
1873 1317 1971 1360 362.

1212 1397 1266 1403 -
1296 1375 1484 1416 iuvenes
1511 1375 1610 1416 364.

1209 1438 1364 1475 contra
1394 1457 1449 1463 —
1490 1433 1712 1488 sophisma
1748 1432 1894 1475 fidelis
1942 1447 2024 1488 per
2059 1434 2198 1476 verba

1268 1492 1342 1534 dei
1369 1491 1541 1534 invehit
1573 1493 1671 1533 324.

1210 1564 1265 1592 ex
1303 1574 1358 1581 —
1405 1551 1611 1592 illusione
1652 1555 1720 1592 est
1764 1551 2025 1605 frequenica
2068 1551 2197 1593 mira-

1268 1610 1358 1651 culi
1389 1610 1489 1652 250.

1209 1669 1310 1710 —lo
1339 1668 1577 1724 propinqui
1605 1673 1708 1709 sunt
1737 1669 1940 1710 canonici
1971 1670 2070 1711 135.

1209 1751 1263 1756 -
1295 1728 1449 1770 vivere
1482 1729 1580 1769 343.

1208 1786 1359 1828 —lum
1389 1786 1575 1842 aggredi
1611 1788 1709 1829 589.

1207 1859 1288 1900 per
1319 1845 1469 1886 —lum
1498 1845 1754 1887 introducta
1785 1845 2004 1901 obligacio
2038 1847 2135 1888 185.

1207 1927 1262 1933 -
1294 1903 1535 1945 introducti
1565 1904 1723 1946 fratres
1756 1905 1825 1947 91.

1207 1987 1261 1991 —
1294 1963 1469 2005 ordines
1514 1963 1561 2004 in
1607 1963 1839 2005 ecclesiam
1889 1964 2195 2006 subintrarunt

1205 2104 1259 2109 —
1291 2080 1544 2122 introducta
1574 2081 1843 2136 glomeracio
1875 2083 1973 2123 2⁴28.

1205 2163 1259 2168 -
1291 2140 1450 2181 ultima
1487 2139 1740 2181 introducta
1777 2145 1844 2181 est
1882 2146 2003 2182 secta
2033 2146 2194 2196 quarta

1203 2280 1258 2286 —
1298 2257 1582 2299 dissensionis
1620 2257 1908 2299 seminarium
1946 2259 2194 2300 occultatur

1204 2375 1326 2417 —los
1356 2387 1522 2430 ponere
1543 2375 1590 2415 in
1611 2375 1815 2430 catalogo
1838 2376 2070 2417 beatorum
2091 2377 2190 2418 251.

1202 2434 1257 2475 de
1301 2435 1592 2488 Dyaconatus
1640 2434 1794 2476 ordine
1838 2435 2040 2476 raciones
2086 2435 2193 2477 facit

1259 2493 1489 2547 phariseus
1521 2493 1619 2534 264.

1200 2552 1422 2605 Dyaconii
1453 2556 1593 2592 status
1622 2551 1668 2592 in
1691 2552 1940 2607 ewangelio
1963 2566 2190 2608 expressa-

1260 2616 1330 2652 tus
1361 2611 1472 2652 falso
1503 2615 1696 2665 negatur
1728 2611 1825 2653 267.

1199 2669 1441 2723 Dyaconus
1472 2673 1518 2710 et
1538 2669 1742 2711 sacerdos
1765 2669 1934 2712 habent
1957 2670 2190 2712 licenciam

1257 2727 1516 2783 predicandi
1546 2729 1645 2769 405.

1200 2787 1305 2827 ——ni
1325 2786 1624 2842 apostolorum
1649 2792 1776 2829 erant
1792 2788 2080 2844 septuaginta
2101 2789 2189 2831 duo

1257 2845 1461 2901 discipuli
1491 2846 1590 2887 267.

1199 2905 1304 2945 —ni
1332 2905 1379 2945 in
1401 2905 1649 2959 ewangelio
1672 2917 1699 2946 a
1716 2904 1856 2947 Cristo
1875 2906 2068 2948 ordinati
2088 2907 2186 2949 267.

1198 2963 1253 3004 de
1286 2964 1411 3005 —nis
1442 2963 1642 3004 doctrina
1673 2964 1880 3018 specialis
1911 2966 2010 3007 268.

1198 3036 1335 3064 —nos
1366 3028 1538 3077 septem
1559 3023 1748 3077 apostoli
1769 3024 2034 3066 auctoritate
2060 3023 2190 3066 Cristi

1256 3081 1493 3137 elegerunt
1523 3082 1621 3123 268.

1658 3210 1718 3256 Ε.

1195 3317 1392 3359 Ebetant
1422 3322 1541 3358 secte
1573 3317 1807 3359 caritatem
1838 3318 1909 3360 42.

1193 3376 1395 3417 Ebullire
1427 3376 1473 3416 in
1504 3376 1745 3417 stulticiam
1777 3380 1822 3418 et
1862 3376 2050 3433 obligari
2080 3377 2186 3431 dya-

1254 3435 1355 3476 bolo
1386 3435 1505 3476 idem
1537 3439 1605 3476 est
1638 3435 1735 3476 141.

1193 3493 1396 3535 Ecclesia
1427 3499 1494 3535 est
1524 3494 1680 3535 domus
1713 3493 1879 3535 domini
1910 3495 2017 3549 2413
2050 3496 2149 3537 372.

1195 3575 1249 3581 —
1280 3566 1372 3594 non
1401 3553 1512 3594 vivit
1541 3553 1588 3592 in
1617 3552 2017 3595 adinvencionibus
2048 3554 2183 3606 curie,

1251 3611 1330 3652 sed
1359 3611 1407 3652 in
1436 3611 1524 3653 fide
1558 3611 1689 3652 Cristi
1721 3611 1819 3653 620.

1759 3686 1815 3726 48
