<?xml version="1.0" encoding="UTF-8"?>
<!DOCTYPE html PUBLIC "-//W3C//DTD XHTML 1.0 Transitional//EN"
    "http://www.w3.org/TR/xhtml1/DTD/xhtml1-transitional.dtd">
<html xmlns="http://www.w3.org/1999/xhtml" xml:lang="en" lang="en">
 <head>
  <title>
</title>
<meta http-equiv="Content-Type" content="text/html;charset=utf-8" />
  <meta name='ocr-system' content='tesseract 3.04.00' />
  <meta name='ocr-capabilities' content='ocr_page ocr_carea ocr_par ocr_line ocrx_word'/>
</head>
<body>
  <div class='ocr_page' id='page_1' title='image "./johnwiclifspolem02wycluoft_0434.png"; bbox 0 0 2528 4074; ppageno 0'>
   <div class='ocr_carea' id='block_1_1' title="bbox 390 396 492 443">
    <p class='ocr_par' dir='ltr' id='par_1_1' title="bbox 390 396 492 443">
     <span class='ocr_line' id='line_1_1' title="bbox 390 396 492 443; baseline 0 0"><span class='ocrx_word' id='word_1_1' title='bbox 390 396 492 443; x_wconf 88' lang='grc'>804</span> 
     </span>
    </p>
   </div>
   <div class='ocr_carea' id='block_1_2' title="bbox 390 531 1354 1157">
    <p class='ocr_par' dir='ltr' id='par_1_2' title="bbox 390 531 1350 587">
     <span class='ocr_line' id='line_1_2' title="bbox 390 531 1350 587; baseline 0 -12"><span class='ocrx_word' id='word_1_2' title='bbox 390 532 681 576; x_wconf 81' lang='lat' dir='ltr'>Prodestinati</span> <span class='ocrx_word' id='word_1_3' title='bbox 710 537 811 574; x_wconf 92' lang='lat' dir='ltr'>sunt</span> <span class='ocrx_word' id='word_1_4' title='bbox 830 531 992 574; x_wconf 81' lang='lat' dir='ltr'>Cristus</span> <span class='ocrx_word' id='word_1_5' title='bbox 1014 537 1058 574; x_wconf 88' lang='lat' dir='ltr'>et</span> <span class='ocrx_word' id='word_1_6' title='bbox 1077 533 1225 587; x_wconf 87' lang='lat' dir='ltr'>angeli</span> <span class='ocrx_word' id='word_1_7' title='bbox 1254 534 1350 575; x_wconf 82' lang='lat'><strong>662.</strong></span> 
     </span>
    </p>

    <p class='ocr_par' dir='ltr' id='par_1_3' title="bbox 391 589 1352 689">
     <span class='ocr_line' id='line_1_3' title="bbox 391 589 1352 632; baseline 0 -1"><span class='ocrx_word' id='word_1_8' title='bbox 391 614 445 621; x_wconf 94' lang='lat'>--</span> <span class='ocrx_word' id='word_1_9' title='bbox 476 589 783 632; x_wconf 79' lang='lat' dir='ltr'>insensibiliter</span> <span class='ocrx_word' id='word_1_10' title='bbox 803 590 1085 631; x_wconf 90' lang='lat' dir='ltr'>consenciunt</span> <span class='ocrx_word' id='word_1_11' title='bbox 1103 590 1352 632; x_wconf 83' lang='lat' dir='ltr'>criminibus</span> 
     </span>
     <span class='ocr_line' id='line_1_4' title="bbox 449 648 760 689; baseline 0 -1"><span class='ocrx_word' id='word_1_12' title='bbox 449 648 632 689; x_wconf 84' lang='lat' dir='ltr'>aliorum</span> <span class='ocrx_word' id='word_1_13' title='bbox 664 648 760 688; x_wconf 91' lang='lat'><strong>330.</strong></span> 
     </span>
    </p>

    <p class='ocr_par' dir='ltr' id='par_1_4' title="bbox 393 703 1354 803">
     <span class='ocr_line' id='line_1_5' title="bbox 393 703 1354 803; baseline -0.001 -58"><span class='ocrx_word' id='word_1_14' title='bbox 393 728 444 734; x_wconf 90' lang='lat'><em>-</em></span> <span class='ocrx_word' id='word_1_15' title='bbox 476 703 684 803; x_wconf 39' lang='grc'><strong>1111131118</strong></span> <span class='ocrx_word' id='word_1_16' title='bbox 720 704 1031 758; x_wconf 83' lang='lat' dir='ltr'>temporalibus</span> <span class='ocrx_word' id='word_1_17' title='bbox 1069 704 1354 745; x_wconf 87' lang='lat' dir='ltr'>consenciunt</span> 
     </span>
    </p>

    <p class='ocr_par' dir='ltr' id='par_1_5' title="bbox 391 817 1181 932">
     <span class='ocr_line' id='line_1_6' title="bbox 391 817 1181 860; baseline 0 0"><span class='ocrx_word' id='word_1_18' title='bbox 391 841 445 849; x_wconf 86' lang='lat'>-</span> <span class='ocrx_word' id='word_1_19' title='bbox 490 819 536 860; x_wconf 91' lang='lat' dir='ltr'>in</span> <span class='ocrx_word' id='word_1_20' title='bbox 584 818 678 859; x_wconf 91' lang='lat' dir='ltr'>celo</span> <span class='ocrx_word' id='word_1_21' title='bbox 730 817 784 858; x_wconf 91' lang='lat' dir='ltr'>de</span> <span class='ocrx_word' id='word_1_22' title='bbox 840 817 1008 859; x_wconf 86' lang='lat' dir='ltr'>unitate</span> <span class='ocrx_word' id='word_1_23' title='bbox 1063 822 1181 860; x_wconf 91' lang='lat' dir='ltr'>secte</span> 
     </span>
     <span class='ocr_line' id='line_1_7' title="bbox 447 875 829 932; baseline -0.003 -15"><span class='ocrx_word' id='word_1_24' title='bbox 447 875 703 932; x_wconf 87' lang='lat' dir='ltr'>gaudebunt</span> <span class='ocrx_word' id='word_1_25' title='bbox 732 875 829 916; x_wconf 89' lang='lat'><strong>336.</strong></span> 
     </span>
    </p>

    <p class='ocr_par' dir='ltr' id='par_1_6' title="bbox 390 931 1352 1031">
     <span class='ocr_line' id='line_1_8' title="bbox 390 931 1352 998; baseline -0.002 -24"><span class='ocrx_word' id='word_1_26' title='bbox 390 956 444 963; x_wconf 94' lang='lat'>—</span> <span class='ocrx_word' id='word_1_27' title='bbox 474 932 759 998; x_wconf 72' lang='lat' dir='ltr'>paciebantur</span> <span class='ocrx_word' id='word_1_28' title='bbox 777 931 1216 972; x_wconf 89' lang='lat' dir='ltr'>remurmuracionem</span> <span class='ocrx_word' id='word_1_29' title='bbox 1235 943 1352 985; x_wconf 92' lang='lat' dir='ltr'>pres-</span> 
     </span>
     <span class='ocr_line' id='line_1_9' title="bbox 447 989 754 1031; baseline -0.007 0"><span class='ocrx_word' id='word_1_30' title='bbox 447 990 628 1031; x_wconf 90' lang='lat' dir='ltr'>citorum</span> <span class='ocrx_word' id='word_1_31' title='bbox 659 989 754 1029; x_wconf 90' lang='lat'><strong>331.</strong></span> 
     </span>
    </p>

    <p class='ocr_par' dir='ltr' id='par_1_7' title="bbox 390 1044 1350 1087">
     <span class='ocr_line' id='line_1_10' title="bbox 390 1044 1350 1087; baseline 0 0"><span class='ocrx_word' id='word_1_32' title='bbox 390 1052 647 1087; x_wconf 89' lang='lat' dir='ltr'>—natorum</span> <span class='ocrx_word' id='word_1_33' title='bbox 666 1044 803 1086; x_wconf 83' lang='lat' dir='ltr'>maior</span> <span class='ocrx_word' id='word_1_34' title='bbox 822 1044 1016 1086; x_wconf 90' lang='lat' dir='ltr'>condicio</span> <span class='ocrx_word' id='word_1_35' title='bbox 1031 1044 1237 1086; x_wconf 86' lang='lat' dir='ltr'>bonitatis</span> <span class='ocrx_word' id='word_1_36' title='bbox 1253 1045 1350 1087; x_wconf 86' lang='lat'><strong>363.</strong></span> 
     </span>
    </p>

    <p class='ocr_par' dir='ltr' id='par_1_8' title="bbox 391 1101 868 1157">
     <span class='ocr_line' id='line_1_11' title="bbox 391 1101 868 1157; baseline 0 -15"><span class='ocrx_word' id='word_1_37' title='bbox 391 1104 445 1145; x_wconf 87' lang='lat' dir='ltr'>de</span> <span class='ocrx_word' id='word_1_38' title='bbox 476 1126 530 1133; x_wconf 90' lang='lat'>—</span> <span class='ocrx_word' id='word_1_39' title='bbox 559 1106 740 1157; x_wconf 89' lang='lat' dir='ltr'>peccato</span> <span class='ocrx_word' id='word_1_40' title='bbox 772 1101 868 1143; x_wconf 95' lang='lat'><strong>678.</strong></span> 
     </span>
    </p>
   </div>
   <div class='ocr_carea' id='block_1_3' title="bbox 388 1172 1353 1956">
    <p class='ocr_par' dir='ltr' id='par_1_9' title="bbox 388 1172 1285 1227">
     <span class='ocr_line' id='line_1_12' title="bbox 388 1172 1285 1227; baseline -0.002 -11"><span class='ocrx_word' id='word_1_41' title='bbox 388 1173 638 1216; x_wconf 90' lang='lat' dir='ltr'>Predicacio</span> <span class='ocrx_word' id='word_1_42' title='bbox 669 1172 902 1227; x_wconf 89' lang='lat' dir='ltr'>ewangelii</span> <span class='ocrx_word' id='word_1_43' title='bbox 929 1172 1159 1214; x_wconf 86' lang='lat' dir='ltr'>interdicta</span> <span class='ocrx_word' id='word_1_44' title='bbox 1189 1173 1285 1214; x_wconf 91' lang='grc'><strong>626.</strong></span> 
     </span>
    </p>

    <p class='ocr_par' dir='ltr' id='par_1_10' title="bbox 391 1229 1353 1283">
     <span class='ocr_line' id='line_1_13' title="bbox 391 1229 1353 1283; baseline -0.001 -11"><span class='ocrx_word' id='word_1_45' title='bbox 391 1254 443 1261; x_wconf 85' lang='lat'>-—</span> <span class='ocrx_word' id='word_1_46' title='bbox 473 1231 647 1272; x_wconf 82' lang='lat' dir='ltr'>racione</span> <span class='ocrx_word' id='word_1_47' title='bbox 678 1229 975 1283; x_wconf 88' lang='lat' dir='ltr'>episcoporum</span> <span class='ocrx_word' id='word_1_48' title='bbox 1002 1234 1267 1271; x_wconf 85' lang='lat' dir='ltr'>commutata</span> <span class='ocrx_word' id='word_1_49' title='bbox 1287 1233 1353 1271; x_wconf 89' lang='lat' dir='ltr'>est</span> 
     </span>
    </p>

    <p class='ocr_par' dir='ltr' id='par_1_11' title="bbox 390 1343 1349 1443">
     <span class='ocr_line' id='line_1_14' title="bbox 390 1343 1349 1398; baseline -0.002 -11"><span class='ocrx_word' id='word_1_50' title='bbox 390 1368 444 1374; x_wconf 93' lang='lat'>--</span> <span class='ocrx_word' id='word_1_51' title='bbox 475 1350 593 1386; x_wconf 88' lang='lat' dir='ltr'>secte</span> <span class='ocrx_word' id='word_1_52' title='bbox 637 1348 792 1397; x_wconf 88' lang='lat' dir='ltr'>quarte</span> <span class='ocrx_word' id='word_1_53' title='bbox 837 1343 1115 1398; x_wconf 77' lang='lat' dir='ltr'>singulariter</span> <span class='ocrx_word' id='word_1_54' title='bbox 1157 1348 1223 1385; x_wconf 92' lang='lat' dir='ltr'>est</span> <span class='ocrx_word' id='word_1_55' title='bbox 1256 1344 1349 1385; x_wconf 87' lang='lat' dir='ltr'>lau-</span> 
     </span>
     <span class='ocr_line' id='line_1_15' title="bbox 447 1402 719 1443; baseline -0.004 0"><span class='ocrx_word' id='word_1_56' title='bbox 447 1402 593 1443; x_wconf 88' lang='lat' dir='ltr'>danda</span> <span class='ocrx_word' id='word_1_57' title='bbox 622 1402 719 1442; x_wconf 84' lang='lat'><strong>252.</strong></span> 
     </span>
    </p>

    <p class='ocr_par' dir='ltr' id='par_1_12' title="bbox 390 1457 998 1513">
     <span class='ocr_line' id='line_1_16' title="bbox 390 1457 998 1513; baseline -0.002 -13"><span class='ocrx_word' id='word_1_58' title='bbox 390 1482 442 1489; x_wconf 92' lang='lat'><strong>—</strong></span> <span class='ocrx_word' id='word_1_59' title='bbox 473 1460 612 1500; x_wconf 89' lang='lat' dir='ltr'>libera</span> <span class='ocrx_word' id='word_1_60' title='bbox 640 1457 872 1513; x_wconf 88' lang='lat' dir='ltr'>ewangelii</span> <span class='ocrx_word' id='word_1_61' title='bbox 902 1459 998 1500; x_wconf 89' lang='lat'><strong>683.</strong></span> 
     </span>
    </p>

    <p class='ocr_par' dir='ltr' id='par_1_13' title="bbox 393 1517 739 1557">
     <span class='ocr_line' id='line_1_17' title="bbox 393 1517 739 1557; baseline -0.003 0"><span class='ocrx_word' id='word_1_62' title='bbox 393 1539 444 1545; x_wconf 94' lang='lat'>—</span> <span class='ocrx_word' id='word_1_63' title='bbox 474 1517 613 1557; x_wconf 91' lang='lat' dir='ltr'>libera</span> <span class='ocrx_word' id='word_1_64' title='bbox 643 1517 739 1557; x_wconf 90' lang='lat'><strong>513.</strong></span> 
     </span>
    </p>

    <p class='ocr_par' dir='ltr' id='par_1_14' title="bbox 391 1571 1350 1729">
     <span class='ocr_line' id='line_1_18' title="bbox 391 1571 1350 1615; baseline -0.003 0"><span class='ocrx_word' id='word_1_65' title='bbox 391 1574 616 1615; x_wconf 87' lang='lat' dir='ltr'>-cionem</span> <span class='ocrx_word' id='word_1_66' title='bbox 651 1572 774 1613; x_wconf 91' lang='lat' dir='ltr'>verbi</span> <span class='ocrx_word' id='word_1_67' title='bbox 809 1571 881 1613; x_wconf 88' lang='lat' dir='ltr'>dei</span> <span class='ocrx_word' id='word_1_68' title='bbox 917 1571 1217 1613; x_wconf 85' lang='lat' dir='ltr'>dimittendam</span> <span class='ocrx_word' id='word_1_69' title='bbox 1255 1583 1350 1612; x_wconf 90' lang='lat' dir='ltr'>esse</span> 
     </span>
     <span class='ocr_line' id='line_1_19' title="bbox 447 1628 1350 1684; baseline -0.002 -13"><span class='ocrx_word' id='word_1_70' title='bbox 447 1635 492 1672; x_wconf 92' lang='lat' dir='ltr'>et</span> <span class='ocrx_word' id='word_1_71' title='bbox 520 1629 810 1684; x_wconf 91' lang='lat' dir='ltr'>quodcunque</span> <span class='ocrx_word' id='word_1_72' title='bbox 840 1642 948 1682; x_wconf 92' lang='lat' dir='ltr'>opus</span> <span class='ocrx_word' id='word_1_73' title='bbox 981 1629 1259 1680; x_wconf 89' lang='lat' dir='ltr'>meritorium,</span> <span class='ocrx_word' id='word_1_74' title='bbox 1291 1628 1350 1668; x_wconf 90' lang='lat' dir='ltr'>di-</span> 
     </span>
     <span class='ocr_line' id='line_1_20' title="bbox 446 1686 877 1729; baseline -0.005 0"><span class='ocrx_word' id='word_1_75' title='bbox 446 1692 550 1729; x_wconf 91' lang='lat' dir='ltr'>cunt</span> <span class='ocrx_word' id='word_1_76' title='bbox 579 1686 751 1727; x_wconf 84' lang='lat' dir='ltr'>ordines</span> <span class='ocrx_word' id='word_1_77' title='bbox 780 1686 877 1728; x_wconf 92' lang='lat'><strong>307.</strong></span> 
     </span>
    </p>

    <p class='ocr_par' dir='ltr' id='par_1_15' title="bbox 390 1743 1062 1798">
     <span class='ocr_line' id='line_1_21' title="bbox 390 1743 1062 1798; baseline -0.001 -13"><span class='ocrx_word' id='word_1_78' title='bbox 390 1767 440 1773; x_wconf 95' lang='lat'>—</span> <span class='ocrx_word' id='word_1_79' title='bbox 476 1743 707 1798; x_wconf 86' lang='lat' dir='ltr'>ewangelii</span> <span class='ocrx_word' id='word_1_80' title='bbox 737 1743 934 1784; x_wconf 86' lang='lat' dir='ltr'>omittere</span> <span class='ocrx_word' id='word_1_81' title='bbox 968 1743 1062 1784; x_wconf 89' lang='lat'><strong>133.</strong></span> 
     </span>
    </p>

    <p class='ocr_par' dir='ltr' id='par_1_16' title="bbox 389 1800 1070 1855">
     <span class='ocr_line' id='line_1_22' title="bbox 389 1800 1070 1855; baseline -0.001 -13"><span class='ocrx_word' id='word_1_82' title='bbox 389 1825 442 1830; x_wconf 87' lang='lat'>——</span> <span class='ocrx_word' id='word_1_83' title='bbox 472 1801 685 1855; x_wconf 87' lang='lat' dir='ltr'>impedire</span> <span class='ocrx_word' id='word_1_84' title='bbox 715 1800 945 1854; x_wconf 85' lang='lat' dir='ltr'>ewangelii</span> <span class='ocrx_word' id='word_1_85' title='bbox 973 1801 1070 1841; x_wconf 91' lang='lat'><strong>607.</strong></span> 
     </span>
    </p>

    <p class='ocr_par' dir='ltr' id='par_1_17' title="bbox 390 1857 1074 1900">
     <span class='ocr_line' id='line_1_23' title="bbox 390 1857 1074 1900; baseline -0.001 -1"><span class='ocrx_word' id='word_1_86' title='bbox 390 1859 592 1900; x_wconf 89' lang='lat' dir='ltr'>—ciones</span> <span class='ocrx_word' id='word_1_87' title='bbox 621 1857 730 1898; x_wconf 85' lang='lat' dir='ltr'>false</span> <span class='ocrx_word' id='word_1_88' title='bbox 760 1862 976 1899; x_wconf 86' lang='lat' dir='ltr'>sectarum</span> <span class='ocrx_word' id='word_1_89' title='bbox 1002 1858 1074 1900; x_wconf 86' lang='lat'>68.</span> 
     </span>
    </p>

    <p class='ocr_par' dir='ltr' id='par_1_18' title="bbox 390 1915 1312 1956">
     <span class='ocr_line' id='line_1_24' title="bbox 390 1915 1312 1956; baseline -0.001 0"><span class='ocrx_word' id='word_1_90' title='bbox 390 1940 442 1945; x_wconf 94' lang='lat'>—</span> <span class='ocrx_word' id='word_1_91' title='bbox 471 1915 832 1956; x_wconf 89' lang='lat' dir='ltr'>interlocuciones</span> <span class='ocrx_word' id='word_1_92' title='bbox 861 1915 970 1956; x_wconf 83' lang='lat' dir='ltr'>false</span> <span class='ocrx_word' id='word_1_93' title='bbox 998 1919 1215 1956; x_wconf 88' lang='lat' dir='ltr'>sectarum</span> <span class='ocrx_word' id='word_1_94' title='bbox 1244 1916 1312 1956; x_wconf 90' lang='lat'><strong>68.</strong></span> 
     </span>
    </p>
   </div>
   <div class='ocr_carea' id='block_1_4' title="bbox 1227 817 1353 859">
    <p class='ocr_par' dir='ltr' id='par_1_19' title="bbox 1227 817 1353 859">
     <span class='ocr_line' id='line_1_25' title="bbox 1227 817 1353 859; baseline 0 0"><span class='ocrx_word' id='word_1_95' title='bbox 1227 817 1353 859; x_wconf 88' lang='lat' dir='ltr'>Cristi</span> 
     </span>
    </p>
   </div>
   <div class='ocr_carea' id='block_1_5' title="bbox 389 1972 1014 2014">
    <p class='ocr_par' dir='ltr' id='par_1_20' title="bbox 389 1972 1014 2014">
     <span class='ocr_line' id='line_1_26' title="bbox 389 1972 1014 2014; baseline 0 0"><span class='ocrx_word' id='word_1_96' title='bbox 389 1997 442 2002; x_wconf 86' lang='lat'><em>—</em></span> <span class='ocrx_word' id='word_1_97' title='bbox 473 1972 706 2014; x_wconf 86' lang='lat' dir='ltr'>mendaces</span> <span class='ocrx_word' id='word_1_98' title='bbox 735 1972 916 2012; x_wconf 86' lang='lat' dir='ltr'>fratrum</span> <span class='ocrx_word' id='word_1_99' title='bbox 946 1973 1014 2014; x_wconf 86' lang='lat'>97.</span> 
     </span>
    </p>
   </div>
   <div class='ocr_carea' id='block_1_6' title="bbox 386 2043 1352 2828">
    <p class='ocr_par' dir='ltr' id='par_1_21' title="bbox 386 2043 1062 2086">
     <span class='ocr_line' id='line_1_27' title="bbox 386 2043 1062 2086; baseline 0.001 -2"><span class='ocrx_word' id='word_1_100' title='bbox 386 2044 618 2086; x_wconf 88' lang='lat' dir='ltr'>Predicare</span> <span class='ocrx_word' id='word_1_101' title='bbox 647 2043 830 2084; x_wconf 89' lang='lat' dir='ltr'>verbum</span> <span class='ocrx_word' id='word_1_102' title='bbox 860 2043 931 2084; x_wconf 91' lang='lat' dir='ltr'>dei</span> <span class='ocrx_word' id='word_1_103' title='bbox 967 2044 1062 2085; x_wconf 84' lang='lat'><strong>120.</strong></span> 
     </span>
    </p>

    <p class='ocr_par' dir='ltr' id='par_1_22' title="bbox 388 2100 891 2155">
     <span class='ocr_line' id='line_1_28' title="bbox 388 2100 891 2155; baseline -0.002 -12"><span class='ocrx_word' id='word_1_104' title='bbox 388 2125 441 2131; x_wconf 89' lang='lat'>—</span> <span class='ocrx_word' id='word_1_105' title='bbox 473 2100 764 2155; x_wconf 83' lang='lat' dir='ltr'>ewangelium</span> <span class='ocrx_word' id='word_1_106' title='bbox 795 2102 891 2142; x_wconf 89' lang='lat'><strong>535.</strong></span> 
     </span>
    </p>

    <p class='ocr_par' dir='ltr' id='par_1_23' title="bbox 387 2158 991 2212">
     <span class='ocr_line' id='line_1_29' title="bbox 387 2158 991 2212; baseline -0.003 -12"><span class='ocrx_word' id='word_1_107' title='bbox 387 2183 440 2188; x_wconf 90' lang='lat'>——</span> <span class='ocrx_word' id='word_1_108' title='bbox 473 2159 604 2200; x_wconf 87' lang='lat' dir='ltr'>debet</span> <span class='ocrx_word' id='word_1_109' title='bbox 633 2158 860 2212; x_wconf 91' lang='lat' dir='ltr'>episcopus</span> <span class='ocrx_word' id='word_1_110' title='bbox 894 2159 991 2200; x_wconf 82' lang='lat'><strong>261.</strong></span> 
     </span>
    </p>

    <p class='ocr_par' dir='ltr' id='par_1_24' title="bbox 387 2214 1350 2314">
     <span class='ocr_line' id='line_1_30' title="bbox 387 2214 1350 2270; baseline -0.001 -13"><span class='ocrx_word' id='word_1_111' title='bbox 387 2240 439 2246; x_wconf 88' lang='lat'>—-</span> <span class='ocrx_word' id='word_1_112' title='bbox 473 2215 765 2270; x_wconf 87' lang='lat' dir='ltr'>ewangelium</span> <span class='ocrx_word' id='word_1_113' title='bbox 807 2215 854 2255; x_wconf 91' lang='lat' dir='ltr'>in</span> <span class='ocrx_word' id='word_1_114' title='bbox 896 2215 1050 2270; x_wconf 82' lang='lat' dir='ltr'>wlgari</span> <span class='ocrx_word' id='word_1_115' title='bbox 1090 2214 1218 2256; x_wconf 89' lang='lat' dir='ltr'>homo</span> <span class='ocrx_word' id='word_1_116' title='bbox 1260 2228 1350 2256; x_wconf 92' lang='lat' dir='ltr'>non</span> 
     </span>
     <span class='ocr_line' id='line_1_31' title="bbox 444 2273 707 2314; baseline 0.004 -1"><span class='ocrx_word' id='word_1_117' title='bbox 444 2273 577 2314; x_wconf 91' lang='lat' dir='ltr'>debet</span> <span class='ocrx_word' id='word_1_118' title='bbox 612 2273 707 2314; x_wconf 92' lang='grc'><strong>126.</strong></span> 
     </span>
    </p>

    <p class='ocr_par' dir='ltr' id='par_1_25' title="bbox 387 2329 1350 2428">
     <span class='ocr_line' id='line_1_32' title="bbox 387 2329 1350 2385; baseline -0.001 -14"><span class='ocrx_word' id='word_1_119' title='bbox 387 2354 440 2359; x_wconf 86' lang='lat'>-</span> <span class='ocrx_word' id='word_1_120' title='bbox 473 2329 765 2384; x_wconf 85' lang='lat' dir='ltr'>ewangelium</span> <span class='ocrx_word' id='word_1_121' title='bbox 792 2329 857 2382; x_wconf 65' lang='grc' dir='ltr'>ειό.Α</span> <span class='ocrx_word' id='word_1_122' title='bbox 861 2330 1077 2385; x_wconf 88' lang='lat' dir='ltr'>populum</span> <span class='ocrx_word' id='word_1_123' title='bbox 1097 2333 1350 2371; x_wconf 88' lang='lat' dir='ltr'>converten-</span> 
     </span>
     <span class='ocr_line' id='line_1_33' title="bbox 446 2388 677 2428; baseline 0 0"><span class='ocrx_word' id='word_1_124' title='bbox 446 2388 550 2428; x_wconf 89' lang='lat' dir='ltr'>dum</span> <span class='ocrx_word' id='word_1_125' title='bbox 580 2388 677 2428; x_wconf 90' lang='lat'><strong>334.</strong></span> 
     </span>
    </p>

    <p class='ocr_par' dir='ltr' id='par_1_26' title="bbox 389 2443 1176 2498">
     <span class='ocr_line' id='line_1_34' title="bbox 389 2443 1176 2498; baseline 0 -12"><span class='ocrx_word' id='word_1_126' title='bbox 389 2449 603 2486; x_wconf 88' lang='lat' dir='ltr'>—verunt</span> <span class='ocrx_word' id='word_1_127' title='bbox 631 2443 816 2498; x_wconf 89' lang='lat' dir='ltr'>apostoli</span> <span class='ocrx_word' id='word_1_128' title='bbox 844 2444 1050 2484; x_wconf 90' lang='lat' dir='ltr'>continue</span> <span class='ocrx_word' id='word_1_129' title='bbox 1080 2445 1176 2486; x_wconf 85' lang='lat'><strong>263.</strong></span> 
     </span>
    </p>

    <p class='ocr_par' dir='ltr' id='par_1_27' title="bbox 390 2501 1350 2600">
     <span class='ocr_line' id='line_1_35' title="bbox 390 2501 1350 2554; baseline 0 -11"><span class='ocrx_word' id='word_1_130' title='bbox 390 2502 574 2543; x_wconf 88' lang='lat' dir='ltr'>—candi</span> <span class='ocrx_word' id='word_1_131' title='bbox 610 2501 840 2542; x_wconf 86' lang='lat' dir='ltr'>licenciam</span> <span class='ocrx_word' id='word_1_132' title='bbox 877 2501 1077 2542; x_wconf 84' lang='lat' dir='ltr'>sacerdos</span> <span class='ocrx_word' id='word_1_133' title='bbox 1113 2506 1158 2543; x_wconf 92' lang='lat' dir='ltr'>et</span> <span class='ocrx_word' id='word_1_134' title='bbox 1194 2501 1350 2554; x_wconf 86' lang='lat' dir='ltr'>dyaco-</span> 
     </span>
     <span class='ocr_line' id='line_1_36' title="bbox 445 2558 848 2600; baseline 0 -1"><span class='ocrx_word' id='word_1_135' title='bbox 445 2573 528 2600; x_wconf 89' lang='lat' dir='ltr'>nus</span> <span class='ocrx_word' id='word_1_136' title='bbox 556 2558 721 2600; x_wconf 90' lang='lat' dir='ltr'>habent</span> <span class='ocrx_word' id='word_1_137' title='bbox 750 2559 848 2599; x_wconf 89' lang='lat'><strong>405.</strong></span> 
     </span>
    </p>

    <p class='ocr_par' dir='ltr' id='par_1_28' title="bbox 389 2615 1352 2714">
     <span class='ocr_line' id='line_1_37' title="bbox 389 2615 1352 2670; baseline 0.002 -14"><span class='ocrx_word' id='word_1_138' title='bbox 389 2640 442 2645; x_wconf 93' lang='lat'><strong>—</strong></span> <span class='ocrx_word' id='word_1_139' title='bbox 474 2616 701 2657; x_wconf 87' lang='lat' dir='ltr'>licenciam</span> <span class='ocrx_word' id='word_1_140' title='bbox 745 2615 928 2670; x_wconf 88' lang='lat' dir='ltr'>apostoli</span> <span class='ocrx_word' id='word_1_141' title='bbox 972 2630 1060 2658; x_wconf 91' lang='lat' dir='ltr'>non</span> <span class='ocrx_word' id='word_1_142' title='bbox 1103 2616 1352 2658; x_wconf 89' lang='lat' dir='ltr'>habuerunt</span> 
     </span>
     <span class='ocr_line' id='line_1_38' title="bbox 447 2673 763 2714; baseline -0.003 0"><span class='ocrx_word' id='word_1_143' title='bbox 447 2686 474 2714; x_wconf 86' lang='lat' dir='ltr'>a</span> <span class='ocrx_word' id='word_1_144' title='bbox 503 2674 635 2714; x_wconf 88' lang='lat' dir='ltr'>Petro</span> <span class='ocrx_word' id='word_1_145' title='bbox 666 2673 763 2713; x_wconf 87' lang='lat'><strong>406.</strong></span> 
     </span>
    </p>

    <p class='ocr_par' dir='ltr' id='par_1_29' title="bbox 389 2729 1351 2828">
     <span class='ocr_line' id='line_1_39' title="bbox 389 2729 1351 2784; baseline 0.002 -14"><span class='ocrx_word' id='word_1_146' title='bbox 389 2754 441 2758; x_wconf 93' lang='lat'><em>-</em></span> <span class='ocrx_word' id='word_1_147' title='bbox 474 2730 703 2771; x_wconf 86' lang='lat' dir='ltr'>licenciam</span> <span class='ocrx_word' id='word_1_148' title='bbox 722 2729 868 2771; x_wconf 90' lang='lat' dir='ltr'>nullus</span> <span class='ocrx_word' id='word_1_149' title='bbox 893 2730 1113 2784; x_wconf 89' lang='lat' dir='ltr'>apostolus</span> <span class='ocrx_word' id='word_1_150' title='bbox 1142 2730 1295 2772; x_wconf 87' lang='lat' dir='ltr'>habuit</span> <span class='ocrx_word' id='word_1_151' title='bbox 1324 2743 1351 2772; x_wconf 89' lang='lat' dir='ltr'>a</span> 
     </span>
     <span class='ocr_line' id='line_1_40' title="bbox 445 2788 708 2828; baseline 0.004 -1"><span class='ocrx_word' id='word_1_152' title='bbox 445 2788 576 2828; x_wconf 90' lang='lat' dir='ltr'>Petro</span> <span class='ocrx_word' id='word_1_153' title='bbox 610 2788 708 2828; x_wconf 89' lang='grc'><strong>405.</strong></span> 
     </span>
    </p>
   </div>
   <div class='ocr_carea' id='block_1_7' title="bbox 388 2857 1354 3370">
    <p class='ocr_par' dir='ltr' id='par_1_30' title="bbox 388 2857 1350 2924">
     <span class='ocr_line' id='line_1_41' title="bbox 388 2857 1350 2924; baseline 0.001 -25"><span class='ocrx_word' id='word_1_154' title='bbox 388 2858 640 2924; x_wconf 82' lang='lat' dir='ltr'>Predicator</span> <span class='ocrx_word' id='word_1_155' title='bbox 668 2857 808 2899; x_wconf 88' lang='lat' dir='ltr'>fidelis</span> <span class='ocrx_word' id='word_1_156' title='bbox 838 2858 970 2909; x_wconf 88' lang='lat' dir='ltr'>debet</span> <span class='ocrx_word' id='word_1_157' title='bbox 990 2871 1083 2899; x_wconf 92' lang='lat' dir='ltr'>esse</span> <span class='ocrx_word' id='word_1_158' title='bbox 1113 2858 1180 2899; x_wconf 88' lang='lat' dir='ltr'>vir</span> <span class='ocrx_word' id='word_1_159' title='bbox 1209 2871 1350 2900; x_wconf 88' lang='lat' dir='ltr'>ewan-</span> 
     </span>
    </p>

    <p class='ocr_par' dir='ltr' id='par_1_31' title="bbox 392 2916 1351 3128">
     <span class='ocr_line' id='line_1_42' title="bbox 392 2916 1351 3028; baseline 0.001 -14"><span class='ocrx_word' id='word_1_160' title='bbox 392 2916 702 3014; x_wconf 47' lang='lat' dir='ltr'>—l1git1tsexffsse</span> <span class='ocrx_word' id='word_1_161' title='bbox 740 2972 889 3024; x_wconf 88' lang='lat' dir='ltr'>debet,</span> <span class='ocrx_word' id='word_1_162' title='bbox 929 2973 1077 3027; x_wconf 85' lang='lat' dir='ltr'>gracia</span> <span class='ocrx_word' id='word_1_163' title='bbox 1105 2973 1228 3015; x_wconf 90' lang='lat' dir='ltr'>cuius</span> <span class='ocrx_word' id='word_1_164' title='bbox 1256 2987 1351 3028; x_wconf 89' lang='lat' dir='ltr'>pre-</span> 
     </span>
     <span class='ocr_line' id='line_1_43' title="bbox 447 3029 1351 3085; baseline 0.002 -15"><span class='ocrx_word' id='word_1_165' title='bbox 447 3030 574 3082; x_wconf 87' lang='lat' dir='ltr'>dicet,</span> <span class='ocrx_word' id='word_1_166' title='bbox 596 3029 700 3084; x_wconf 89' lang='lat' dir='ltr'>quid</span> <span class='ocrx_word' id='word_1_167' title='bbox 715 3029 928 3070; x_wconf 86' lang='lat' dir='ltr'>auditorio</span> <span class='ocrx_word' id='word_1_168' title='bbox 943 3030 1138 3084; x_wconf 87' lang='lat' dir='ltr'>predicet</span> <span class='ocrx_word' id='word_1_169' title='bbox 1158 3036 1203 3072; x_wconf 91' lang='lat' dir='ltr'>et</span> <span class='ocrx_word' id='word_1_170' title='bbox 1221 3031 1351 3085; x_wconf 87' lang='lat' dir='ltr'>quale</span> 
     </span>
     <span class='ocr_line' id='line_1_44' title="bbox 446 3087 917 3128; baseline 0.002 -1"><span class='ocrx_word' id='word_1_171' title='bbox 446 3087 501 3128; x_wconf 91' lang='lat' dir='ltr'>sit</span> <span class='ocrx_word' id='word_1_172' title='bbox 529 3087 790 3128; x_wconf 90' lang='lat' dir='ltr'>auditorium</span> <span class='ocrx_word' id='word_1_173' title='bbox 822 3088 917 3128; x_wconf 90' lang='lat'><strong>311.</strong></span> 
     </span>
    </p>

    <p class='ocr_par' dir='ltr' id='par_1_32' title="bbox 390 3143 1354 3199">
     <span class='ocr_line' id='line_1_45' title="bbox 390 3143 1354 3199; baseline 0.002 -14"><span class='ocrx_word' id='word_1_174' title='bbox 390 3149 561 3185; x_wconf 89' lang='lat' dir='ltr'>—tores</span> <span class='ocrx_word' id='word_1_175' title='bbox 611 3143 865 3199; x_wconf 91' lang='lat' dir='ltr'>sophisticos</span> <span class='ocrx_word' id='word_1_176' title='bbox 920 3144 1110 3199; x_wconf 86' lang='lat' dir='ltr'>episcopi</span> <span class='ocrx_word' id='word_1_177' title='bbox 1165 3144 1354 3187; x_wconf 88' lang='lat' dir='ltr'>limitant</span> 
     </span>
    </p>

    <p class='ocr_par' dir='ltr' id='par_1_33' title="bbox 390 3202 1353 3370">
     <span class='ocr_line' id='line_1_46' title="bbox 390 3202 1353 3332; baseline 0.002 -33"><span class='ocrx_word' id='word_1_178' title='bbox 390 3259 425 3299; x_wconf 85' lang='lat' dir='ltr'>P</span> <span class='ocrx_word' id='word_1_179' title='bbox 411 3202 657 3300; x_wconf 51' lang='lat' dir='ltr'>&#39;rigioieecio</span> <span class='ocrx_word' id='word_1_180' title='bbox 686 3258 859 3312; x_wconf 90' lang='lat' dir='ltr'>patroni</span> <span class='ocrx_word' id='word_1_181' title='bbox 890 3263 934 3300; x_wconf 93' lang='lat' dir='ltr'>et</span> <span class='ocrx_word' id='word_1_182' title='bbox 962 3259 1115 3314; x_wconf 88' lang='lat' dir='ltr'>regule</span> <span class='ocrx_word' id='word_1_183' title='bbox 1144 3259 1260 3332; x_wconf 84' lang='lat' dir='ltr'>ultra</span> <span class='ocrx_word' id='word_1_184' title='bbox 1287 3273 1353 3301; x_wconf 91' lang='lat' dir='ltr'>re-</span> 
     </span>
     <span class='ocr_line' id='line_1_47' title="bbox 449 3314 880 3370; baseline 0 -14"><span class='ocrx_word' id='word_1_185' title='bbox 449 3315 597 3370; x_wconf 89' lang='lat' dir='ltr'>gulam</span> <span class='ocrx_word' id='word_1_186' title='bbox 628 3314 754 3356; x_wconf 85' lang='lat' dir='ltr'>Oristi</span> <span class='ocrx_word' id='word_1_187' title='bbox 785 3317 880 3357; x_wconf 86' lang='lat'><strong>141.</strong></span> 
     </span>
    </p>
   </div>
   <div class='ocr_carea' id='block_1_8' title="bbox 390 3387 1264 3452">
    <p class='ocr_par' dir='ltr' id='par_1_34' title="bbox 390 3387 1264 3452">
     <span class='ocr_line' id='line_1_48' title="bbox 390 3387 1264 3452; baseline 0.003 -25"><span class='ocrx_word' id='word_1_188' title='bbox 390 3387 639 3452; x_wconf 81' lang='lat' dir='ltr'>1‘1eeligere</span> <span class='ocrx_word' id='word_1_189' title='bbox 669 3391 832 3428; x_wconf 88' lang='lat' dir='ltr'>sectam</span> <span class='ocrx_word' id='word_1_190' title='bbox 861 3387 1137 3429; x_wconf 85' lang='lat' dir='ltr'>infundatam</span> <span class='ocrx_word' id='word_1_191' title='bbox 1169 3389 1264 3430; x_wconf 87' lang='lat'><strong>141.</strong></span> 
     </span>
    </p>
   </div>
   <div class='ocr_carea' id='block_1_9' title="bbox 389 3443 1352 3555">
    <p class='ocr_par' dir='ltr' id='par_1_35' title="bbox 389 3443 1352 3555">
     <span class='ocr_line' id='line_1_49' title="bbox 389 3443 1352 3499; baseline 0.004 -16"><span class='ocrx_word' id='word_1_192' title='bbox 389 3444 594 3497; x_wconf 82' lang='lat' dir='ltr'>——genda</span> <span class='ocrx_word' id='word_1_193' title='bbox 620 3443 793 3485; x_wconf 90' lang='lat' dir='ltr'>iusticia</span> <span class='ocrx_word' id='word_1_194' title='bbox 811 3444 1046 3499; x_wconf 88' lang='lat' dir='ltr'>spiritualis</span> <span class='ocrx_word' id='word_1_195' title='bbox 1064 3445 1234 3487; x_wconf 89' lang='lat' dir='ltr'>iusticie</span> <span class='ocrx_word' id='word_1_196' title='bbox 1265 3459 1352 3488; x_wconf 90' lang='lat' dir='ltr'>cor-</span> 
     </span>
     <span class='ocr_line' id='line_1_50' title="bbox 446 3501 712 3555; baseline -0.004 -13"><span class='ocrx_word' id='word_1_197' title='bbox 446 3501 585 3555; x_wconf 78' lang='lat' dir='ltr'>porali</span> <span class='ocrx_word' id='word_1_198' title='bbox 617 3501 712 3542; x_wconf 83' lang='lat'><strong>132.</strong></span> 
     </span>
    </p>
   </div>
   <div class='ocr_carea' id='block_1_10' title="bbox 1128 390 1673 432">
    <p class='ocr_par' dir='ltr' id='par_1_36' title="bbox 1128 390 1673 432">
     <span class='ocr_line' id='line_1_51' title="bbox 1128 390 1673 432; baseline 0.002 -1"><span class='ocrx_word' id='word_1_199' title='bbox 1128 390 1425 432; x_wconf 72' lang='lat' dir='ltr'><strong><em>GENERAL</em></strong></span> <span class='ocrx_word' id='word_1_200' title='bbox 1455 391 1673 432; x_wconf 82' lang='lat' dir='ltr'><strong>INDEX.</strong></span> 
     </span>
    </p>
   </div>
   <div class='ocr_carea' id='block_1_11' title="bbox 1438 533 2478 594">
    <p class='ocr_par' dir='ltr' id='par_1_37' title="bbox 1438 533 2478 594">
     <span class='ocr_line' id='line_1_52' title="bbox 1438 533 2478 594; baseline 0.001 -18"><span class='ocrx_word' id='word_1_201' title='bbox 1438 533 1693 588; x_wconf 88' lang='lat' dir='ltr'>Preeligunt</span> <span class='ocrx_word' id='word_1_202' title='bbox 1722 538 1839 575; x_wconf 91' lang='lat' dir='ltr'>secte</span> <span class='ocrx_word' id='word_1_203' title='bbox 1869 533 1957 574; x_wconf 91' lang='lat' dir='ltr'>sibi.</span> <span class='ocrx_word' id='word_1_204' title='bbox 1977 533 2172 575; x_wconf 90' lang='lat' dir='ltr'>dominos</span> <span class='ocrx_word' id='word_1_205' title='bbox 2190 533 2264 576; x_wconf 87' lang='lat' dir='ltr'>vel</span> <span class='ocrx_word' id='word_1_206' title='bbox 2293 534 2404 589; x_wconf 86' lang='lat' dir='ltr'>epis·</span> <span class='ocrx_word' id='word_1_207' title='bbox 2470 552 2478 594; x_wconf 46' lang='lat' dir='ltr'><em>s</em></span> 
     </span>
    </p>
   </div>
   <div class='ocr_carea' id='block_1_12' title="bbox 1437 590 2489 816">
    <p class='ocr_par' dir='ltr' id='par_1_38' title="bbox 1437 590 2489 816">
     <span class='ocr_line' id='line_1_53' title="bbox 1496 590 2489 645; baseline 0.001 -14"><span class='ocrx_word' id='word_1_208' title='bbox 1496 603 1638 644; x_wconf 87' lang='lat' dir='ltr'>copos,</span> <span class='ocrx_word' id='word_1_209' title='bbox 1670 590 1886 645; x_wconf 86' lang='lat' dir='ltr'>dapiferos</span> <span class='ocrx_word' id='word_1_210' title='bbox 1917 595 1962 632; x_wconf 91' lang='lat' dir='ltr'>et</span> <span class='ocrx_word' id='word_1_211' title='bbox 1989 594 2189 645; x_wconf 84' lang='lat' dir='ltr'>potentes</span> <span class='ocrx_word' id='word_1_212' title='bbox 2217 592 2286 632; x_wconf 90' lang='lat'>43.</span> <span class='ocrx_word' id='word_1_213' title='bbox 2487 619 2489 623; x_wconf 86' lang='lat'><strong>.</strong></span> 
     </span>
     <span class='ocr_line' id='line_1_54' title="bbox 1438 647 2489 702; baseline 0.002 -14"><span class='ocrx_word' id='word_1_214' title='bbox 1438 649 1657 702; x_wconf 86' lang='lat' dir='ltr'>—guntur</span> <span class='ocrx_word' id='word_1_215' title='bbox 1700 660 1728 688; x_wconf 88' lang='lat' dir='ltr'>a</span> <span class='ocrx_word' id='word_1_216' title='bbox 1771 647 1993 689; x_wconf 91' lang='lat' dir='ltr'>monachis</span> <span class='ocrx_word' id='word_1_217' title='bbox 2027 647 2289 691; x_wconf 81' lang='lat' dir='ltr'>tradiciones</span> <span class='ocrx_word' id='word_1_218' title='bbox 2324 648 2403 690; x_wconf 90' lang='lat' dir='ltr'>hu·</span> <span class='ocrx_word' id='word_1_219' title='bbox 2443 691 2447 694; x_wconf 67' lang='grc'>,</span> <span class='ocrx_word' id='word_1_220' title='bbox 2486 647 2489 676; x_wconf 72' lang='lat'><em>3</em></span> 
     </span>
     <span class='ocr_line' id='line_1_55' title="bbox 1495 706 2194 753; baseline 0.004 -8"><span class='ocrx_word' id='word_1_221' title='bbox 1495 717 1624 746; x_wconf 91' lang='lat' dir='ltr'>mane</span> <span class='ocrx_word' id='word_1_222' title='bbox 1662 706 1756 746; x_wconf 90' lang='lat'><strong>131.</strong></span> <span class='ocrx_word' id='word_1_223' title='bbox 2190 749 2194 753; x_wconf 64' lang='grc'><strong>,</strong></span> 
     </span>
     <span class='ocr_line' id='line_1_56' title="bbox 1437 761 2195 816; baseline 0.001 -14"><span class='ocrx_word' id='word_1_224' title='bbox 1437 762 1768 803; x_wconf 87' lang='lat' dir='ltr'>Preeminencia</span> <span class='ocrx_word' id='word_1_225' title='bbox 1797 774 1927 816; x_wconf 88' lang='lat' dir='ltr'>super</span> <span class='ocrx_word' id='word_1_226' title='bbox 1954 761 2097 802; x_wconf 91' lang='lat' dir='ltr'>Adam</span> <span class='ocrx_word' id='word_1_227' title='bbox 2126 762 2195 804; x_wconf 86' lang='lat'>76.</span> 
     </span>
    </p>
   </div>
   <div class='ocr_carea' id='block_1_13' title="bbox 1437 802 2486 974">
    <p class='ocr_par' dir='ltr' id='par_1_39' title="bbox 1437 802 2486 974">
     <span class='ocr_line' id='line_1_57' title="bbox 1438 802 2485 861; baseline 0.002 -3"><span class='ocrx_word' id='word_1_228' title='bbox 1438 841 1491 848; x_wconf 96' lang='lat'>—</span> <span class='ocrx_word' id='word_1_229' title='bbox 1510 818 1778 860; x_wconf 88' lang='lat' dir='ltr'>dominativa</span> <span class='ocrx_word' id='word_1_230' title='bbox 1793 819 1848 860; x_wconf 88' lang='lat' dir='ltr'>ab</span> <span class='ocrx_word' id='word_1_231' title='bbox 1865 818 2400 861; x_wconf 85' lang='lat' dir='ltr'>ecclesiadestruitur466.</span> <span class='ocrx_word' id='word_1_232' title='bbox 2441 806 2444 811; x_wconf 39' lang='lat'>⁸</span> <span class='ocrx_word' id='word_1_233' title='bbox 2482 802 2485 808; x_wconf 11' lang='grc' dir='ltr'><strong><em>ἢ</em></strong></span> 
     </span>
     <span class='ocr_line' id='line_1_58' title="bbox 1438 875 2486 927; baseline 0.003 -12"><span class='ocrx_word' id='word_1_234' title='bbox 1438 898 1506 927; x_wconf 90' lang='grc'>-,</span> <span class='ocrx_word' id='word_1_235' title='bbox 1537 875 1744 916; x_wconf 87' lang='lat' dir='ltr'>sanctitas</span> <span class='ocrx_word' id='word_1_236' title='bbox 1781 880 1826 917; x_wconf 93' lang='lat' dir='ltr'>et</span> <span class='ocrx_word' id='word_1_237' title='bbox 1860 876 2049 918; x_wconf 85' lang='lat' dir='ltr'>sciencia</span> <span class='ocrx_word' id='word_1_238' title='bbox 2081 879 2300 918; x_wconf 86' lang='lat' dir='ltr'>sectarum</span> <span class='ocrx_word' id='word_1_239' title='bbox 2331 877 2399 918; x_wconf 90' lang='lat'>66.</span> <span class='ocrx_word' id='word_1_240' title='bbox 2481 875 2486 893; x_wconf 75' lang='grc'><em>’</em></span> 
     </span>
     <span class='ocr_line' id='line_1_59' title="bbox 1437 932 2486 974; baseline 0.002 -2"><span class='ocrx_word' id='word_1_241' title='bbox 1437 932 1634 973; x_wconf 91' lang='lat' dir='ltr'>Prelacie</span> <span class='ocrx_word' id='word_1_242' title='bbox 1663 936 1800 973; x_wconf 86' lang='lat' dir='ltr'>status</span> <span class='ocrx_word' id='word_1_243' title='bbox 1837 933 2134 974; x_wconf 85' lang='lat' dir='ltr'>securissimus</span> <span class='ocrx_word' id='word_1_244' title='bbox 2161 933 2208 974; x_wconf 90' lang='lat' dir='ltr'>in</span> <span class='ocrx_word' id='word_1_245' title='bbox 2237 932 2402 974; x_wconf 88' lang='lat' dir='ltr'>mundo</span> <span class='ocrx_word' id='word_1_246' title='bbox 2479 940 2486 944; x_wconf 78' lang='grc'>’“</span> 
     </span>
    </p>
   </div>
   <div class='ocr_carea' id='block_1_14' title="bbox 1434 1046 2495 2004">
    <p class='ocr_par' dir='ltr' id='par_1_40' title="bbox 1434 1046 2495 2004">
     <span class='ocr_line' id='line_1_60' title="bbox 1440 1046 2488 1103; baseline 0.003 -18"><span class='ocrx_word' id='word_1_247' title='bbox 1440 1067 1493 1075; x_wconf 91' lang='lat'>-</span> <span class='ocrx_word' id='word_1_248' title='bbox 1523 1049 1661 1086; x_wconf 89' lang='lat' dir='ltr'>status</span> <span class='ocrx_word' id='word_1_249' title='bbox 1689 1046 1969 1099; x_wconf 86' lang='lat' dir='ltr'>periculosior</span> <span class='ocrx_word' id='word_1_250' title='bbox 1997 1046 2209 1102; x_wconf 86' lang='lat' dir='ltr'>religione</span> <span class='ocrx_word' id='word_1_251' title='bbox 2228 1047 2404 1102; x_wconf 79' lang='lat' dir='ltr'>privata</span> <span class='ocrx_word' id='word_1_252' title='bbox 2484 1067 2488 1103; x_wconf 66' lang='lat' dir='ltr'>g</span> 
     </span>
     <span class='ocr_line' id='line_1_61' title="bbox 1438 1133 2218 1215; baseline 0.005 -16"><span class='ocrx_word' id='word_1_253' title='bbox 1438 1133 1608 1200; x_wconf 65' lang='lat' dir='ltr'>-ciani</span> <span class='ocrx_word' id='word_1_254' title='bbox 1637 1164 1853 1213; x_wconf 90' lang='lat' dir='ltr'>occupant</span> <span class='ocrx_word' id='word_1_255' title='bbox 1879 1160 2092 1215; x_wconf 82' lang='lat' dir='ltr'>prepositi.</span> <span class='ocrx_word' id='word_1_256' title='bbox 2119 1161 2218 1203; x_wconf 84' lang='lat'><strong>476.</strong></span> 
     </span>
     <span class='ocr_line' id='line_1_62' title="bbox 1435 1216 2213 1273; baseline 0.001 -16"><span class='ocrx_word' id='word_1_257' title='bbox 1435 1216 2213 1273; x_wconf 70' lang='lat' dir='ltr'>Prelacionemcesareamphsdilige</span> 
     </span>
     <span class='ocr_line' id='line_1_63' title="bbox 1493 1273 2494 1328; baseline 0.004 -15"><span class='ocrx_word' id='word_1_258' title='bbox 1493 1286 1625 1328; x_wconf 90' lang='lat' dir='ltr'>quam</span> <span class='ocrx_word' id='word_1_259' title='bbox 1655 1273 1850 1315; x_wconf 87' lang='lat' dir='ltr'>ordinem</span> <span class='ocrx_word' id='word_1_260' title='bbox 1877 1275 1981 1316; x_wconf 92' lang='lat' dir='ltr'>Iesu</span> <span class='ocrx_word' id='word_1_261' title='bbox 2011 1274 2139 1316; x_wconf 77' lang='lat' dir='ltr'>cristi</span> <span class='ocrx_word' id='word_1_262' title='bbox 2167 1275 2264 1316; x_wconf 83' lang='lat'><strong>313.</strong></span> <span class='ocrx_word' id='word_1_263' title='bbox 2461 1322 2463 1327; x_wconf 19' lang='lat' dir='ltr'><em>A</em></span> <span class='ocrx_word' id='word_1_264' title='bbox 2491 1305 2494 1328; x_wconf 55' lang='lat'>2</span> 
     </span>
     <span class='ocr_line' id='line_1_64' title="bbox 1434 1330 2495 1399; baseline 0.003 -29"><span class='ocrx_word' id='word_1_265' title='bbox 1434 1330 1634 1372; x_wconf 83' lang='lat' dir='ltr'>Prelatus</span> <span class='ocrx_word' id='word_1_266' title='bbox 1662 1343 1742 1385; x_wconf 91' lang='lat' dir='ltr'>per</span> <span class='ocrx_word' id='word_1_267' title='bbox 1769 1331 1947 1374; x_wconf 87' lang='lat' dir='ltr'>devium</span> <span class='ocrx_word' id='word_1_268' title='bbox 1972 1330 2183 1375; x_wconf 84' lang='lat' dir='ltr'>viciorum</span> <span class='ocrx_word' id='word_1_269' title='bbox 2210 1345 2261 1374; x_wconf 79' lang='lat' dir='ltr'>se</span> <span class='ocrx_word' id='word_1_270' title='bbox 2279 1332 2403 1374; x_wconf 89' lang='lat' dir='ltr'>ducit</span> <span class='ocrx_word' id='word_1_271' title='bbox 2455 1368 2457 1371; x_wconf 74' lang='grc'>,</span> <span class='ocrx_word' id='word_1_272' title='bbox 2478 1356 2495 1399; x_wconf 50' lang='lat'>¹3</span> 
     </span>
     <span class='ocr_line' id='line_1_65' title="bbox 1436 1444 2330 1500; baseline 0.002 -15"><span class='ocrx_word' id='word_1_273' title='bbox 1436 1467 1490 1474; x_wconf 89' lang='lat'>—</span> <span class='ocrx_word' id='word_1_274' title='bbox 1521 1444 1826 1499; x_wconf 89' lang='lat' dir='ltr'>magnificatur</span> <span class='ocrx_word' id='word_1_275' title='bbox 1854 1458 1986 1500; x_wconf 87' lang='lat' dir='ltr'>supra</span> <span class='ocrx_word' id='word_1_276' title='bbox 2015 1445 2204 1491; x_wconf 82' lang='lat' dir='ltr'>Gristum</span> <span class='ocrx_word' id='word_1_277' title='bbox 2233 1446 2330 1488; x_wconf 91' lang='lat'><strong>475.</strong></span> 
     </span>
     <span class='ocr_line' id='line_1_66' title="bbox 1436 1501 2495 1556; baseline 0.005 -14"><span class='ocrx_word' id='word_1_278' title='bbox 1436 1525 1491 1530; x_wconf 89' lang='lat'><strong>—</strong></span> <span class='ocrx_word' id='word_1_279' title='bbox 1521 1502 1775 1556; x_wconf 89' lang='lat' dir='ltr'>preponitur</span> <span class='ocrx_word' id='word_1_280' title='bbox 1804 1501 1941 1544; x_wconf 87' lang='lat' dir='ltr'>Oristo</span> <span class='ocrx_word' id='word_1_281' title='bbox 1970 1504 2071 1546; x_wconf 85' lang='lat'><strong>475.</strong></span> <span class='ocrx_word' id='word_1_282' title='bbox 2442 1511 2445 1519; x_wconf 71' lang='grc'><strong>”</strong></span> <span class='ocrx_word' id='word_1_283' title='bbox 2494 1547 2495 1553; x_wconf 66' lang='grc'>,</span> 
     </span>
     <span class='ocr_line' id='line_1_67' title="bbox 1436 1558 2495 1604; baseline 0.003 -5"><span class='ocrx_word' id='word_1_284' title='bbox 1436 1582 1489 1588; x_wconf 89' lang='grc'>-</span> <span class='ocrx_word' id='word_1_285' title='bbox 1521 1559 1660 1600; x_wconf 90' lang='lat' dir='ltr'>nescit</span> <span class='ocrx_word' id='word_1_286' title='bbox 1700 1558 1832 1601; x_wconf 89' lang='lat' dir='ltr'>fidem</span> <span class='ocrx_word' id='word_1_287' title='bbox 1875 1560 2135 1603; x_wconf 83' lang='lat' dir='ltr'>catholicam</span> <span class='ocrx_word' id='word_1_288' title='bbox 2168 1559 2225 1602; x_wconf 87' lang='lat' dir='ltr'>de</span> <span class='ocrx_word' id='word_1_289' title='bbox 2259 1559 2404 1604; x_wconf 81' lang='lat' dir='ltr'>hostia</span> <span class='ocrx_word' id='word_1_290' title='bbox 2454 1583 2458 1585; x_wconf 17' lang='grc' dir='ltr'><strong>Α</strong></span> <span class='ocrx_word' id='word_1_291' title='bbox 2494 1562 2495 1570; x_wconf 75' lang='grc'>’</span> 
     </span>
     <span class='ocr_line' id='line_1_68' title="bbox 1493 1618 2457 1659; baseline 0.004 -2"><span class='ocrx_word' id='word_1_292' title='bbox 1493 1620 1746 1657; x_wconf 89' lang='lat' dir='ltr'>consecrata</span> <span class='ocrx_word' id='word_1_293' title='bbox 1776 1618 1873 1659; x_wconf 87' lang='lat'><strong>553.</strong></span> <span class='ocrx_word' id='word_1_294' title='bbox 2443 1632 2457 1654; x_wconf 54' lang='grc' dir='ltr'>’τ</span> 
     </span>
     <span class='ocr_line' id='line_1_69' title="bbox 1438 1673 2139 1719; baseline 0.01 -7"><span class='ocrx_word' id='word_1_295' title='bbox 1438 1696 1490 1702; x_wconf 85' lang='grc'>-</span> <span class='ocrx_word' id='word_1_296' title='bbox 1521 1673 1775 1714; x_wconf 84' lang='lat' dir='ltr'>mandatum</span> <span class='ocrx_word' id='word_1_297' title='bbox 1803 1674 2014 1717; x_wconf 87' lang='lat' dir='ltr'>interimit</span> <span class='ocrx_word' id='word_1_298' title='bbox 2041 1676 2139 1719; x_wconf 87' lang='grc'><strong>475.</strong></span> 
     </span>
     <span class='ocr_line' id='line_1_70' title="bbox 1437 1730 2254 1786; baseline 0.001 -14"><span class='ocrx_word' id='word_1_299' title='bbox 1437 1754 1490 1759; x_wconf 94' lang='grc'><strong>-</strong></span> <span class='ocrx_word' id='word_1_300' title='bbox 1522 1730 1747 1784; x_wconf 86' lang='lat' dir='ltr'>equivalet</span> <span class='ocrx_word' id='word_1_301' title='bbox 1773 1744 1906 1786; x_wconf 89' lang='lat' dir='ltr'>supra</span> <span class='ocrx_word' id='word_1_302' title='bbox 1935 1731 2123 1776; x_wconf 84' lang='lat' dir='ltr'>Oristum</span> <span class='ocrx_word' id='word_1_303' title='bbox 2150 1733 2254 1774; x_wconf 83' lang='lat'><strong>474.</strong></span> 
     </span>
     <span class='ocr_line' id='line_1_71' title="bbox 1438 1788 2446 1832; baseline 0.004 -5"><span class='ocrx_word' id='word_1_304' title='bbox 1438 1811 1491 1817; x_wconf 97' lang='lat'><strong>—</strong></span> <span class='ocrx_word' id='word_1_305' title='bbox 1508 1800 1709 1829; x_wconf 88' lang='lat' dir='ltr'>cesareus</span> <span class='ocrx_word' id='word_1_306' title='bbox 1724 1788 1834 1830; x_wconf 87' lang='lat' dir='ltr'>false</span> <span class='ocrx_word' id='word_1_307' title='bbox 1848 1790 2092 1832; x_wconf 87' lang='lat' dir='ltr'>membrum</span> <span class='ocrx_word' id='word_1_308' title='bbox 2101 1789 2286 1832; x_wconf 83' lang='lat' dir='ltr'>ecclesie</span> <span class='ocrx_word' id='word_1_309' title='bbox 2300 1789 2401 1831; x_wconf 88' lang='grc'><strong>458.</strong></span> <span class='ocrx_word' id='word_1_310' title='bbox 2443 1811 2446 1813; x_wconf 38' lang='lat'><em>‡</em></span> 
     </span>
     <span class='ocr_line' id='line_1_72' title="bbox 1439 1845 2450 1902; baseline 0.008 -18"><span class='ocrx_word' id='word_1_311' title='bbox 1439 1867 1491 1874; x_wconf 92' lang='lat'>--</span> <span class='ocrx_word' id='word_1_312' title='bbox 1521 1845 1679 1899; x_wconf 90' lang='lat' dir='ltr'>plenus</span> <span class='ocrx_word' id='word_1_313' title='bbox 1707 1845 1867 1887; x_wconf 87' lang='lat' dir='ltr'>iniuria</span> <span class='ocrx_word' id='word_1_314' title='bbox 1896 1847 1994 1888; x_wconf 90' lang='lat'><strong>611.</strong></span> <span class='ocrx_word' id='word_1_315' title='bbox 2443 1891 2450 1902; x_wconf 30' lang='lat'>³</span> 
     </span>
     <span class='ocr_line' id='line_1_73' title="bbox 1440 1902 2400 1958; baseline 0.003 -16"><span class='ocrx_word' id='word_1_316' title='bbox 1440 1925 1490 1931; x_wconf 87' lang='lat'>—</span> <span class='ocrx_word' id='word_1_317' title='bbox 1521 1902 1668 1943; x_wconf 87' lang='lat' dir='ltr'>nullus</span> <span class='ocrx_word' id='word_1_318' title='bbox 1686 1902 1820 1944; x_wconf 90' lang='lat' dir='ltr'>habet</span> <span class='ocrx_word' id='word_1_319' title='bbox 1837 1908 2101 1958; x_wconf 88' lang='lat' dir='ltr'>potestatem</span> <span class='ocrx_word' id='word_1_320' title='bbox 2121 1903 2206 1946; x_wconf 87' lang='lat' dir='ltr'>nisi</span> <span class='ocrx_word' id='word_1_321' title='bbox 2224 1904 2282 1946; x_wconf 82' lang='lat' dir='ltr'>ad</span> <span class='ocrx_word' id='word_1_322' title='bbox 2310 1903 2400 1946; x_wconf 89' lang='lat' dir='ltr'>edi-</span> 
     </span>
     <span class='ocr_line' id='line_1_74' title="bbox 1494 1958 2089 2004; baseline 0.007 -4"><span class='ocrx_word' id='word_1_323' title='bbox 1494 1958 1748 2001; x_wconf 90' lang='lat' dir='ltr'>ficacionem</span> <span class='ocrx_word' id='word_1_324' title='bbox 1777 1961 1962 2003; x_wconf 87' lang='lat' dir='ltr'>ecclesie</span> <span class='ocrx_word' id='word_1_325' title='bbox 1986 1963 2089 2004; x_wconf 88' lang='grc'><strong>424.</strong></span> 
     </span>
    </p>
   </div>
   <div class='ocr_carea' id='block_1_15' title="bbox 1439 1987 2505 2116">
    <p class='ocr_par' dir='ltr' id='par_1_41' title="bbox 1439 1987 2505 2116">
     <span class='ocr_line' id='line_1_75' title="bbox 1439 1987 2505 2116; baseline 0.008 -62"><span class='ocrx_word' id='word_1_326' title='bbox 1439 2030 1612 2116; x_wconf 54' lang='grc' dir='ltr'>-ὅέιὶηι</span> <span class='ocrx_word' id='word_1_327' title='bbox 1639 2016 1774 2059; x_wconf 89' lang='lat' dir='ltr'>habet</span> <span class='ocrx_word' id='word_1_328' title='bbox 1800 2023 2063 2073; x_wconf 86' lang='lat' dir='ltr'>potestatem</span> <span class='ocrx_word' id='word_1_329' title='bbox 2090 2019 2176 2061; x_wconf 89' lang='lat' dir='ltr'>nisi</span> <span class='ocrx_word' id='word_1_330' title='bbox 2204 2031 2232 2061; x_wconf 85' lang='lat' dir='ltr'>a</span> <span class='ocrx_word' id='word_1_331' title='bbox 2261 2018 2400 2061; x_wconf 82' lang='lat' dir='ltr'>Oristo</span> <span class='ocrx_word' id='word_1_332' title='bbox 2431 1987 2438 2070; x_wconf 22' lang='grc' dir='ltr'>Ι,</span> <span class='ocrx_word' id='word_1_333' title='bbox 2503 2068 2505 2075; x_wconf 45' lang='grc'>,</span> 
     </span>
    </p>
   </div>
   <div class='ocr_carea' id='block_1_16' title="bbox 1438 2105 2501 2188">
    <p class='ocr_par' dir='ltr' id='par_1_42' title="bbox 1438 2105 2501 2188">
     <span class='ocr_line' id='line_1_76' title="bbox 1438 2105 2501 2188; baseline 0.003 -16"><span class='ocrx_word' id='word_1_334' title='bbox 1438 2136 1539 2172; x_wconf 91' lang='lat' dir='ltr'>—to</span> <span class='ocrx_word' id='word_1_335' title='bbox 1568 2131 1788 2173; x_wconf 91' lang='lat' dir='ltr'>subiectus</span> <span class='ocrx_word' id='word_1_336' title='bbox 1807 2133 2034 2188; x_wconf 86' lang='lat' dir='ltr'>regulatur</span> <span class='ocrx_word' id='word_1_337' title='bbox 2051 2146 2134 2188; x_wconf 89' lang='lat' dir='ltr'>per</span> <span class='ocrx_word' id='word_1_338' title='bbox 2142 2133 2286 2188; x_wconf 89' lang='lat' dir='ltr'>ipsum</span> <span class='ocrx_word' id='word_1_339' title='bbox 2297 2133 2399 2175; x_wconf 84' lang='lat'><strong>475.</strong></span> <span class='ocrx_word' id='word_1_340' title='bbox 2435 2105 2440 2147; x_wconf 36' lang='grc' dir='ltr'><em>ἶ</em></span> <span class='ocrx_word' id='word_1_341' title='bbox 2500 2126 2501 2129; x_wconf 53' lang='grc'>’</span> 
     </span>
    </p>
   </div>
   <div class='ocr_carea' id='block_1_17' title="bbox 1438 2188 2445 2358">
    <p class='ocr_par' dir='ltr' id='par_1_43' title="bbox 1438 2188 2445 2358">
     <span class='ocr_line' id='line_1_77' title="bbox 1438 2188 2404 2233; baseline 0.004 -4"><span class='ocrx_word' id='word_1_342' title='bbox 1438 2211 1492 2217; x_wconf 91' lang='lat'>—-</span> <span class='ocrx_word' id='word_1_343' title='bbox 1524 2188 1671 2230; x_wconf 85' lang='lat' dir='ltr'>dotato</span> <span class='ocrx_word' id='word_1_344' title='bbox 1715 2195 1884 2232; x_wconf 90' lang='lat' dir='ltr'>mortuo</span> <span class='ocrx_word' id='word_1_345' title='bbox 1921 2195 1967 2232; x_wconf 91' lang='lat' dir='ltr'>et</span> <span class='ocrx_word' id='word_1_346' title='bbox 2013 2191 2271 2233; x_wconf 87' lang='lat' dir='ltr'>cadentibus</span> <span class='ocrx_word' id='word_1_347' title='bbox 2312 2190 2404 2232; x_wconf 87' lang='lat' dir='ltr'>suis</span> 
     </span>
     <span class='ocr_line' id='line_1_78' title="bbox 1494 2246 2435 2304; baseline 0.002 -18"><span class='ocrx_word' id='word_1_348' title='bbox 1494 2246 1804 2300; x_wconf 88' lang='lat' dir='ltr'>temporalibus</span> <span class='ocrx_word' id='word_1_349' title='bbox 1839 2247 1886 2288; x_wconf 91' lang='lat' dir='ltr'>in</span> <span class='ocrx_word' id='word_1_350' title='bbox 1931 2260 2111 2290; x_wconf 91' lang='lat' dir='ltr'>manum</span> <span class='ocrx_word' id='word_1_351' title='bbox 2152 2249 2271 2304; x_wconf 81' lang='lat' dir='ltr'>regis</span> <span class='ocrx_word' id='word_1_352' title='bbox 2311 2260 2402 2289; x_wconf 91' lang='lat' dir='ltr'>non</span> <span class='ocrx_word' id='word_1_353' title='bbox 2433 2291 2435 2294; x_wconf 14' lang='grc' dir='ltr'><em>Α</em></span> 
     </span>
     <span class='ocr_line' id='line_1_79' title="bbox 1496 2305 2445 2358; baseline 0.006 -15"><span class='ocrx_word' id='word_1_354' title='bbox 1496 2308 1598 2344; x_wconf 90' lang='lat' dir='ltr'>sunt</span> <span class='ocrx_word' id='word_1_355' title='bbox 1624 2305 1883 2358; x_wconf 86' lang='lat' dir='ltr'>temporalia</span> <span class='ocrx_word' id='word_1_356' title='bbox 1911 2305 2136 2347; x_wconf 88' lang='lat' dir='ltr'>reddenda</span> <span class='ocrx_word' id='word_1_357' title='bbox 2165 2307 2263 2348; x_wconf 83' lang='lat'><strong>281.</strong></span> <span class='ocrx_word' id='word_1_358' title='bbox 2434 2318 2445 2322; x_wconf 75' lang='grc'>’</span> 
     </span>
    </p>
   </div>
   <div class='ocr_carea' id='block_1_18' title="bbox 1440 2360 2496 2411">
    <p class='ocr_par' dir='ltr' id='par_1_44' title="bbox 1440 2360 2496 2418">
     <span class='ocr_line' id='line_1_80' title="bbox 1440 2360 2496 2411; baseline 0.005 -12"><span class='ocrx_word' id='word_1_359' title='bbox 1440 2360 1531 2400; x_wconf 88' lang='lat' dir='ltr'>—ti</span> <span class='ocrx_word' id='word_1_360' title='bbox 1561 2361 1743 2402; x_wconf 88' lang='lat' dir='ltr'>ecclesie</span> <span class='ocrx_word' id='word_1_361' title='bbox 1779 2362 1894 2403; x_wconf 88' lang='lat' dir='ltr'>ultra</span> <span class='ocrx_word' id='word_1_362' title='bbox 1925 2362 2112 2404; x_wconf 87' lang='lat' dir='ltr'>Cristum</span> <span class='ocrx_word' id='word_1_363' title='bbox 2149 2362 2405 2405; x_wconf 80' lang='lat' dir='ltr'>seculariter</span> <span class='ocrx_word' id='word_1_364' title='bbox 2428 2404 2431 2405; x_wconf 18' lang='lat'><em>⁷</em></span> <span class='ocrx_word' id='word_1_365' title='bbox 2494 2394 2496 2411; x_wconf 29' lang='grc' dir='ltr'>ᾖ</span> 
     </span>
    </p>
   </div>
   <div class='ocr_carea' id='block_1_19' title="bbox 1438 2417 2438 2762">
    <p class='ocr_par' dir='ltr' id='par_1_45' title="bbox 1438 2417 2438 2762">
     <span class='ocr_line' id='line_1_81' title="bbox 1497 2417 1899 2461; baseline 0.01 -4"><span class='ocrx_word' id='word_1_366' title='bbox 1497 2417 1774 2460; x_wconf 86' lang='lat' dir='ltr'>dominantur</span> <span class='ocrx_word' id='word_1_367' title='bbox 1803 2420 1899 2461; x_wconf 90' lang='grc'><strong>560.</strong></span> 
     </span>
     <span class='ocr_line' id='line_1_82' title="bbox 1438 2476 2430 2540; baseline 0.003 -25"><span class='ocrx_word' id='word_1_368' title='bbox 1438 2498 1497 2504; x_wconf 96' lang='grc'>-</span> <span class='ocrx_word' id='word_1_369' title='bbox 1527 2479 1681 2516; x_wconf 89' lang='lat' dir='ltr'>curant</span> <span class='ocrx_word' id='word_1_370' title='bbox 1699 2476 1859 2517; x_wconf 87' lang='lat' dir='ltr'>multas</span> <span class='ocrx_word' id='word_1_371' title='bbox 1879 2476 2072 2530; x_wconf 85' lang='lat' dir='ltr'>divicias,</span> <span class='ocrx_word' id='word_1_372' title='bbox 2100 2477 2302 2519; x_wconf 83' lang='lat' dir='ltr'>lauticias</span> <span class='ocrx_word' id='word_1_373' title='bbox 2321 2481 2405 2518; x_wconf 88' lang='lat' dir='ltr'>etc.</span> <span class='ocrx_word' id='word_1_374' title='bbox 2419 2482 2430 2540; x_wconf 25' lang='lat'>‘-</span> 
     </span>
     <span class='ocr_line' id='line_1_83' title="bbox 1441 2533 2438 2646; baseline 0.003 -16"><span class='ocrx_word' id='word_1_375' title='bbox 1441 2533 1688 2631; x_wconf 54' lang='lat' dir='ltr'>—533sarei</span> <span class='ocrx_word' id='word_1_376' title='bbox 1719 2589 1882 2632; x_wconf 91' lang='lat' dir='ltr'>debent</span> <span class='ocrx_word' id='word_1_377' title='bbox 1909 2603 1957 2632; x_wconf 90' lang='lat' dir='ltr'>se</span> <span class='ocrx_word' id='word_1_378' title='bbox 1959 2591 2035 2646; x_wconf 90' lang='lat' dir='ltr'>qui</span> <span class='ocrx_word' id='word_1_379' title='bbox 2061 2590 2248 2633; x_wconf 87' lang='lat' dir='ltr'>Gristum</span> <span class='ocrx_word' id='word_1_380' title='bbox 2277 2592 2375 2634; x_wconf 86' lang='lat'><strong>548.</strong></span> <span class='ocrx_word' id='word_1_381' title='bbox 2436 2584 2438 2586; x_wconf 13' lang='lat' dir='ltr'>V</span> 
     </span>
     <span class='ocr_line' id='line_1_84' title="bbox 1441 2647 2429 2701; baseline 0.003 -14"><span class='ocrx_word' id='word_1_382' title='bbox 1441 2669 1494 2675; x_wconf 89' lang='lat'>—</span> <span class='ocrx_word' id='word_1_383' title='bbox 1527 2651 1572 2688; x_wconf 93' lang='lat' dir='ltr'>et</span> <span class='ocrx_word' id='word_1_384' title='bbox 1601 2647 1792 2701; x_wconf 89' lang='lat' dir='ltr'>episcopi</span> <span class='ocrx_word' id='word_1_385' title='bbox 1821 2647 2109 2691; x_wconf 86' lang='lat' dir='ltr'>adversantur</span> <span class='ocrx_word' id='word_1_386' title='bbox 2135 2648 2273 2692; x_wconf 78' lang='lat' dir='ltr'>Oristo</span> <span class='ocrx_word' id='word_1_387' title='bbox 2304 2648 2404 2691; x_wconf 88' lang='grc'><strong>672.</strong></span> <span class='ocrx_word' id='word_1_388' title='bbox 2425 2658 2429 2662; x_wconf 84' lang='grc'><strong><em>·</em></strong></span> 
     </span>
     <span class='ocr_line' id='line_1_85' title="bbox 1441 2704 2375 2762; baseline 0.004 -18"><span class='ocrx_word' id='word_1_389' title='bbox 1441 2726 1495 2733; x_wconf 92' lang='grc'><strong>-</strong></span> <span class='ocrx_word' id='word_1_390' title='bbox 1526 2708 1572 2745; x_wconf 91' lang='lat' dir='ltr'>et</span> <span class='ocrx_word' id='word_1_391' title='bbox 1601 2704 1792 2759; x_wconf 89' lang='lat' dir='ltr'>episcopi</span> <span class='ocrx_word' id='word_1_392' title='bbox 1818 2706 2014 2760; x_wconf 87' lang='lat' dir='ltr'>perversi</span> <span class='ocrx_word' id='word_1_393' title='bbox 2040 2706 2088 2747; x_wconf 92' lang='lat' dir='ltr'>in</span> <span class='ocrx_word' id='word_1_394' title='bbox 2113 2705 2242 2762; x_wconf 87' lang='lat' dir='ltr'>lupos</span> <span class='ocrx_word' id='word_1_395' title='bbox 2277 2707 2375 2748; x_wconf 90' lang='grc'><strong>672.</strong></span> 
     </span>
    </p>
   </div>
   <div class='ocr_carea' id='block_1_20' title="bbox 1440 2761 2495 2822">
    <p class='ocr_par' dir='ltr' id='par_1_46' title="bbox 1440 2761 2495 2822">
     <span class='ocr_line' id='line_1_86' title="bbox 1440 2761 2495 2822; baseline 0.004 -20"><span class='ocrx_word' id='word_1_396' title='bbox 1440 2784 1494 2791; x_wconf 92' lang='grc'>--</span> <span class='ocrx_word' id='word_1_397' title='bbox 1532 2761 1730 2803; x_wconf 89' lang='lat' dir='ltr'>moderni</span> <span class='ocrx_word' id='word_1_398' title='bbox 1772 2767 1875 2804; x_wconf 90' lang='lat' dir='ltr'>sunt</span> <span class='ocrx_word' id='word_1_399' title='bbox 1916 2763 2094 2817; x_wconf 86' lang='lat' dir='ltr'>presciti</span> <span class='ocrx_word' id='word_1_400' title='bbox 2137 2768 2182 2807; x_wconf 82' lang='lat' dir='ltr'>et</span> <span class='ocrx_word' id='word_1_401' title='bbox 2229 2762 2409 2817; x_wconf 74' lang='lat' dir='ltr'>dyaboh</span> <span class='ocrx_word' id='word_1_402' title='bbox 2430 2804 2437 2822; x_wconf 25' lang='lat' dir='ltr'>s</span> <span class='ocrx_word' id='word_1_403' title='bbox 2494 2768 2495 2771; x_wconf 75' lang='grc'>’</span> 
     </span>
    </p>
   </div>
   <div class='ocr_carea' id='block_1_21' title="bbox 1496 2818 1838 2862">
    <p class='ocr_par' dir='ltr' id='par_1_47' title="bbox 1496 2818 1838 2862">
     <span class='ocr_line' id='line_1_87' title="bbox 1496 2818 1838 2862; baseline 0.006 -3"><span class='ocrx_word' id='word_1_404' title='bbox 1496 2818 1712 2860; x_wconf 89' lang='lat' dir='ltr'>incarnati</span> <span class='ocrx_word' id='word_1_405' title='bbox 1740 2820 1838 2862; x_wconf 86' lang='lat'><strong>618.</strong></span> 
     </span>
    </p>
   </div>
   <div class='ocr_carea' id='block_1_22' title="bbox 1442 2867 2495 2932">
    <p class='ocr_par' dir='ltr' id='par_1_48' title="bbox 1442 2867 2495 2932">
     <span class='ocr_line' id='line_1_88' title="bbox 1442 2867 2495 2932; baseline 0.004 -16"><span class='ocrx_word' id='word_1_406' title='bbox 1442 2899 1495 2904; x_wconf 96' lang='lat'>—</span> <span class='ocrx_word' id='word_1_407' title='bbox 1527 2876 1583 2917; x_wconf 89' lang='lat' dir='ltr'>ad</span> <span class='ocrx_word' id='word_1_408' title='bbox 1603 2876 1943 2918; x_wconf 86' lang='lat' dir='ltr'>continuandam</span> <span class='ocrx_word' id='word_1_409' title='bbox 1971 2877 2246 2920; x_wconf 87' lang='lat' dir='ltr'>omissionem</span> <span class='ocrx_word' id='word_1_410' title='bbox 2263 2877 2408 2932; x_wconf 78' lang='lat' dir='ltr'>predi-</span> <span class='ocrx_word' id='word_1_411' title='bbox 2435 2867 2437 2870; x_wconf 36' lang='lat'>⁵</span> <span class='ocrx_word' id='word_1_412' title='bbox 2493 2875 2495 2879; x_wconf 76' lang='grc'><strong>’</strong></span> 
     </span>
    </p>
   </div>
   <div class='ocr_carea' id='block_1_23' title="bbox 1498 2933 2407 3045">
    <p class='ocr_par' dir='ltr' id='par_1_49' title="bbox 1498 2933 2407 3045">
     <span class='ocr_line' id='line_1_89' title="bbox 1498 2933 2407 2990; baseline 0.003 -16"><span class='ocrx_word' id='word_1_413' title='bbox 1498 2933 1725 2974; x_wconf 89' lang='lat' dir='ltr'>cacionum</span> <span class='ocrx_word' id='word_1_414' title='bbox 1775 2947 1803 2975; x_wconf 91' lang='lat' dir='ltr'>a</span> <span class='ocrx_word' id='word_1_415' title='bbox 1831 2934 1985 2975; x_wconf 92' lang='lat' dir='ltr'>mundi</span> <span class='ocrx_word' id='word_1_416' title='bbox 2021 2935 2287 2990; x_wconf 89' lang='lat' dir='ltr'>principibus</span> <span class='ocrx_word' id='word_1_417' title='bbox 2321 2934 2407 2977; x_wconf 80' lang='lat' dir='ltr'>lar·</span> 
     </span>
     <span class='ocr_line' id='line_1_90' title="bbox 1499 2990 1905 3045; baseline 0.005 -15"><span class='ocrx_word' id='word_1_418' title='bbox 1499 2991 1612 3045; x_wconf 90' lang='lat' dir='ltr'>giter</span> <span class='ocrx_word' id='word_1_419' title='bbox 1641 2990 1778 3032; x_wconf 88' lang='lat' dir='ltr'>dotati</span> <span class='ocrx_word' id='word_1_420' title='bbox 1805 2991 1905 3032; x_wconf 84' lang='lat'><strong>421.</strong></span> 
     </span>
    </p>
   </div>
   <div class='ocr_carea' id='block_1_24' title="bbox 1441 3048 2495 3108">
    <p class='ocr_par' dir='ltr' id='par_1_50' title="bbox 1441 3048 2495 3108">
     <span class='ocr_line' id='line_1_91' title="bbox 1441 3048 2495 3108; baseline 0.008 -22"><span class='ocrx_word' id='word_1_421' title='bbox 1441 3070 1494 3076; x_wconf 91' lang='lat'><strong>—</strong></span> <span class='ocrx_word' id='word_1_422' title='bbox 1517 3048 1681 3089; x_wconf 89' lang='lat' dir='ltr'>habent</span> <span class='ocrx_word' id='word_1_423' title='bbox 1693 3053 1831 3090; x_wconf 90' lang='lat' dir='ltr'>artem</span> <span class='ocrx_word' id='word_1_424' title='bbox 1849 3049 2041 3091; x_wconf 85' lang='lat' dir='ltr'>virtuose</span> <span class='ocrx_word' id='word_1_425' title='bbox 2054 3049 2283 3104; x_wconf 82' lang='lat' dir='ltr'>pugnandi</span> <span class='ocrx_word' id='word_1_426' title='bbox 2305 3049 2408 3093; x_wconf 80' lang='lat'><strong>629.</strong></span> <span class='ocrx_word' id='word_1_427' title='bbox 2491 3061 2495 3108; x_wconf 67' lang='lat' dir='ltr'>j</span> 
     </span>
    </p>
   </div>
   <div class='ocr_carea' id='block_1_25' title="bbox 1441 3105 2262 3149">
    <p class='ocr_par' dir='ltr' id='par_1_51' title="bbox 1441 3105 2262 3149">
     <span class='ocr_line' id='line_1_92' title="bbox 1441 3105 2262 3149; baseline 0.005 -4"><span class='ocrx_word' id='word_1_428' title='bbox 1441 3126 1494 3133; x_wconf 94' lang='lat'>—</span> <span class='ocrx_word' id='word_1_429' title='bbox 1525 3109 1619 3146; x_wconf 88' lang='lat' dir='ltr'>tota</span> <span class='ocrx_word' id='word_1_430' title='bbox 1645 3105 1739 3146; x_wconf 87' lang='lat' dir='ltr'>vita</span> <span class='ocrx_word' id='word_1_431' title='bbox 1766 3106 2043 3149; x_wconf 86' lang='lat' dir='ltr'>mendacium</span> <span class='ocrx_word' id='word_1_432' title='bbox 2071 3111 2138 3148; x_wconf 89' lang='lat' dir='ltr'>est</span> <span class='ocrx_word' id='word_1_433' title='bbox 2165 3107 2262 3149; x_wconf 88' lang='lat'><strong>350.</strong></span> 
     </span>
    </p>
   </div>
   <div class='ocr_carea' id='block_1_26' title="bbox 1443 3143 2496 3218">
    <p class='ocr_par' dir='ltr' id='par_1_52' title="bbox 1443 3143 2496 3218">
     <span class='ocr_line' id='line_1_93' title="bbox 1443 3143 2496 3218; baseline 0.008 -16"><span class='ocrx_word' id='word_1_434' title='bbox 1443 3183 1492 3190; x_wconf 91' lang='lat'>-—</span> <span class='ocrx_word' id='word_1_435' title='bbox 1526 3167 1695 3216; x_wconf 88' lang='lat' dir='ltr'>ponunt</span> <span class='ocrx_word' id='word_1_436' title='bbox 1729 3163 1868 3204; x_wconf 86' lang='lat' dir='ltr'>multa</span> <span class='ocrx_word' id='word_1_437' title='bbox 1902 3163 2024 3205; x_wconf 85' lang='lat' dir='ltr'>milia</span> <span class='ocrx_word' id='word_1_438' title='bbox 2058 3164 2301 3208; x_wconf 57' lang='lat' dir='ltr'>annnorum</span> <span class='ocrx_word' id='word_1_439' title='bbox 2327 3143 2408 3218; x_wconf 54' lang='lat' dir='ltr'>prb</span> <span class='ocrx_word' id='word_1_440' title='bbox 2494 3200 2496 3214; x_wconf 76' lang='grc'><strong>,</strong></span> 
     </span>
    </p>
   </div>
   <div class='ocr_carea' id='block_1_27' title="bbox 1442 3219 2494 3434">
    <p class='ocr_par' dir='ltr' id='par_1_53' title="bbox 1442 3219 2494 3434">
     <span class='ocr_line' id='line_1_94' title="bbox 1499 3219 1977 3262; baseline 0.004 -2"><span class='ocrx_word' id='word_1_441' title='bbox 1499 3219 1587 3260; x_wconf 84' lang='grc'><strong>81118</strong></span> <span class='ocrx_word' id='word_1_442' title='bbox 1616 3220 1850 3261; x_wconf 84' lang='lat' dir='ltr'>commodis</span> <span class='ocrx_word' id='word_1_443' title='bbox 1879 3222 1977 3262; x_wconf 89' lang='lat'><strong>608.</strong></span> 
     </span>
     <span class='ocr_line' id='line_1_95' title="bbox 1442 3276 2426 3330; baseline 0.006 -13"><span class='ocrx_word' id='word_1_444' title='bbox 1442 3298 1495 3305; x_wconf 90' lang='lat'>-</span> <span class='ocrx_word' id='word_1_445' title='bbox 1528 3281 1630 3318; x_wconf 92' lang='lat' dir='ltr'>sunt</span> <span class='ocrx_word' id='word_1_446' title='bbox 1657 3276 1736 3318; x_wconf 90' lang='lat' dir='ltr'>filii</span> <span class='ocrx_word' id='word_1_447' title='bbox 1765 3277 1942 3330; x_wconf 90' lang='lat' dir='ltr'>dyaboli</span> <span class='ocrx_word' id='word_1_448' title='bbox 1971 3279 2068 3321; x_wconf 86' lang='grc'><strong>574.</strong></span> <span class='ocrx_word' id='word_1_449' title='bbox 2424 3328 2426 3330; x_wconf 54' lang='grc'><strong>,</strong></span> 
     </span>
     <span class='ocr_line' id='line_1_96' title="bbox 1442 3335 2491 3390; baseline 0.002 -16"><span class='ocrx_word' id='word_1_450' title='bbox 1442 3354 1495 3362; x_wconf 82' lang='lat'>——</span> <span class='ocrx_word' id='word_1_451' title='bbox 1526 3347 1616 3375; x_wconf 88' lang='lat' dir='ltr'>non</span> <span class='ocrx_word' id='word_1_452' title='bbox 1649 3339 1832 3388; x_wconf 89' lang='lat' dir='ltr'>possunt</span> <span class='ocrx_word' id='word_1_453' title='bbox 1867 3335 2063 3376; x_wconf 90' lang='lat' dir='ltr'>occidere</span> <span class='ocrx_word' id='word_1_454' title='bbox 2091 3335 2284 3378; x_wconf 74' lang='lat' dir='ltr'>animam</span> <span class='ocrx_word' id='word_1_455' title='bbox 2310 3347 2408 3390; x_wconf 85' lang='lat' dir='ltr'>per·</span> <span class='ocrx_word' id='word_1_456' title='bbox 2420 3348 2423 3350; x_wconf 89' lang='grc'><em>·</em></span> <span class='ocrx_word' id='word_1_457' title='bbox 2488 3368 2491 3373; x_wconf 92' lang='lat'>.</span> 
     </span>
     <span class='ocr_line' id='line_1_97' title="bbox 1500 3391 2494 3434; baseline 0.008 -3"><span class='ocrx_word' id='word_1_458' title='bbox 1500 3403 1605 3432; x_wconf 88' lang='lat' dir='ltr'>sone</span> <span class='ocrx_word' id='word_1_459' title='bbox 1635 3391 1766 3432; x_wconf 90' lang='lat' dir='ltr'>citate</span> <span class='ocrx_word' id='word_1_460' title='bbox 1797 3393 1894 3434; x_wconf 88' lang='grc'><strong>552.</strong></span> <span class='ocrx_word' id='word_1_461' title='bbox 2424 3403 2425 3406; x_wconf 76' lang='grc'>’</span> <span class='ocrx_word' id='word_1_462' title='bbox 2490 3399 2494 3413; x_wconf 82' lang='grc'><strong>“</strong></span> 
     </span>
    </p>
   </div>
   <div class='ocr_carea' id='block_1_28' title="bbox 1442 3448 2246 3502">
    <p class='ocr_par' dir='ltr' id='par_1_54' title="bbox 1442 3448 2246 3502">
     <span class='ocr_line' id='line_1_98' title="bbox 1442 3448 2246 3502; baseline 0.002 -14"><span class='ocrx_word' id='word_1_463' title='bbox 1442 3470 1495 3475; x_wconf 96' lang='grc'>--</span> <span class='ocrx_word' id='word_1_464' title='bbox 1529 3452 1573 3489; x_wconf 89' lang='lat' dir='ltr'>et</span> <span class='ocrx_word' id='word_1_465' title='bbox 1601 3461 1716 3502; x_wconf 87' lang='lat' dir='ltr'>papa</span> <span class='ocrx_word' id='word_1_466' title='bbox 1747 3448 1884 3490; x_wconf 87' lang='lat' dir='ltr'>Gristo</span> <span class='ocrx_word' id='word_1_467' title='bbox 1917 3448 2120 3491; x_wconf 87' lang='lat' dir='ltr'>contrarii</span> <span class='ocrx_word' id='word_1_468' title='bbox 2149 3449 2246 3492; x_wconf 84' lang='lat'><strong>591.</strong></span> 
     </span>
    </p>
   </div>
   <div class='ocr_carea' id='block_1_29' title="bbox 1379 3506 1968 3559">
    <p class='ocr_par' dir='ltr' id='par_1_55' title="bbox 1379 3506 1968 3559">
     <span class='ocr_line' id='line_1_99' title="bbox 1379 3506 1968 3559; baseline 0.007 -15"><span class='ocrx_word' id='word_1_469' title='bbox 1379 3509 1382 3514; x_wconf 88' lang='lat'>&#39;</span> <span class='ocrx_word' id='word_1_470' title='bbox 1446 3509 1640 3545; x_wconf 88' lang='lat' dir='ltr'>—torum</span> <span class='ocrx_word' id='word_1_471' title='bbox 1669 3506 1841 3559; x_wconf 91' lang='lat' dir='ltr'>patroni</span> <span class='ocrx_word' id='word_1_472' title='bbox 1870 3507 1968 3548; x_wconf 88' lang='lat'><strong>548.</strong></span> 
     </span>
    </p>
   </div>
   <div class='ocr_carea' id='block_1_30' title="bbox 2409 0 2528 4074">
    <p class='ocr_par' dir='ltr' id='par_1_56' title="bbox 2409 0 2528 4074">
     <span class='ocr_line' id='line_1_100' title="bbox 2409 0 2528 4074; baseline 0 0"><span class='ocrx_word' id='word_1_473' title='bbox 2409 0 2528 4074; x_wconf 95' lang='lat' dir='ltr'> </span> 
     </span>
    </p>
   </div>
   <div class='ocr_carea' id='block_1_31' title="bbox 2213 1211 2495 1260">
    <p class='ocr_par' dir='ltr' id='par_1_57' title="bbox 2213 1211 2495 1260">
     <span class='ocr_line' id='line_1_101' title="bbox 2213 1211 2495 1260; baseline -0.011 0"><span class='ocrx_word' id='word_1_474' title='bbox 2213 1231 2266 1260; x_wconf 89' lang='lat' dir='ltr'>ns</span> <span class='ocrx_word' id='word_1_475' title='bbox 2279 1222 2401 1260; x_wconf 87' lang='lat' dir='ltr'>secte</span> <span class='ocrx_word' id='word_1_476' title='bbox 2452 1218 2453 1221; x_wconf 76' lang='grc'>’</span> <span class='ocrx_word' id='word_1_477' title='bbox 2478 1211 2495 1257; x_wconf 63' lang='grc' dir='ltr'>’ῖέι</span> 
     </span>
    </p>
   </div>
  </div>
 </body>
</html>
