2528 4074
839 327 1055 369 GENER
1061 328 1143 368 AL
1176 326 1401 367 INDEX.

99 472 395 528 Septuaginta
425 473 512 514 duo
543 486 633 515 non
653 473 906 515 habuerunt
926 473 1078 514 domos

154 531 353 585 proprias
384 533 482 575 369.
809 535 813 543 ’

99 612 155 620 —-
187 589 275 631 duo
307 589 511 645 discipuli
541 594 669 632 erant
697 588 886 643 dyaconi
905 593 1098 643 aposto-r

153 646 297 689 lorum
328 649 427 699 267.

95 711 323 760 tamquam
354 729 410 737 —
441 706 528 748 duo
549 705 752 761 discipuli
770 705 945 747 ordines
975 705 1081 747 novi

154 765 329 807 fundati
358 769 461 807 sunt
491 765 590 806 369.

97 822 335 878 Sepulture
366 827 627 878 magnatum
660 823 758 865 143.

95 881 320 936 Sequaces
349 886 602 923 sanctorum
631 881 868 924 scismatici
898 886 943 924 et
971 881 1079 936 ydo-

151 940 264 981 latre
294 944 398 981 sunt
427 940 527 982 440.

95 997 289 1053 Sequela
310 997 439 1040 Cristi
467 998 691 1040 hominem
723 999 906 1041 beatum
933 999 1080 1041 reddit

94 1137 150 1145 —
182 1114 311 1157 Cristi
336 1114 576 1171 impeditur
596 1128 624 1157 a
642 1116 839 1171 patronis
858 1121 1079 1158 sectarum

93 1232 151 1274 ad
181 1231 329 1273 —lam
359 1233 534 1288 patroni
562 1233 662 1288 plus
693 1246 827 1289 quam
857 1233 985 1276 Cristi
1015 1238 1078 1276 at-

150 1290 349 1332 tenditur
380 1292 479 1334 251.

2 1336 26 1431 ¹7«
93 1348 634 1451 SquibIespffiidqristibm
658 1351 764 1451 1300.
785 1409 870 1452 674

2 1443 6 1451 ἶ
29 1484 34 1530 1
93 1473 147 1496 4-
169 1421 424 1509 5οΘΟΞ11Ξ1711111
441 1421 754 1510 ξπῗιῗιθᾱῗέοζιῗ
766 1438 941 1524 fingunt
955 1472 1076 1510 secte

154 1525 253 1567 264.

67 1613 79 1618 „
93 1607 147 1612 -
180 1582 370 1626 Cristum
400 1584 447 1625 in
477 1585 672 1627 moribus
693 1589 892 1641 pastores
913 1584 1078 1627 debent

151 1643 251 1684 672.

6 1703 29 1738 ,’
93 1723 147 1730 --
180 1700 309 1756 signa
338 1701 566 1743 sensibilia
595 1702 693 1745 300.

26 1785 30 1787 -
90 1782 146 1789 -
177 1758 344 1802 debent
373 1760 570 1802 cristiani
601 1760 792 1802 Gristum
823 1761 921 1803 367.

0 1815 18 1842 -’“’
90 1817 200 1859 Sera
221 1822 267 1859 et
279 1819 545 1874 repagulum
560 1833 652 1861 non
666 1819 843 1861 obstant
857 1818 987 1862 sectis
1003 1820 1073 1862 44.

91 1875 270 1931 Sergius
308 1876 553 1920 Saracenos
592 1891 619 1919 a
658 1877 747 1920 fide
779 1876 919 1920 Griste
949 1890 1074 1933 sepa—

148 1935 265 1977 ravit
295 1937 394 1978 597.

90 1992 325 2036 Sermones
364 1994 419 2036 de
460 1994 617 2036 habitu
650 1994 828 2037 fundari
857 2008 948 2037 non
976 2009 1074 2051 pos-

146 2057 250 2094 sunt
281 2053 380 2096 525.

90 2109 330 2166 Serpentes
375 2125 524 2154 mures
571 2116 616 2154 et
655 2112 733 2154 alii
775 2112 973 2155 inferunt
1008 2113 1074 2156 rei

146 2170 324 2225 publice
353 2175 672 2213 nocumentum
702 2172 801 2214 353.

90 2227 300 2270 Servacio
330 2234 552 2271 sectarum
584 2234 652 2272 est
678 2230 910 2286 prophana
940 2231 1039 2273 300.

89 2285 332 2329 Servancia
359 2288 669 2330 mandatorum
702 2290 798 2331 116.

89 2344 278 2388 Servare
314 2360 426 2401 pure
465 2352 510 2389 et
545 2347 720 2403 integre
754 2347 903 2404 legem
943 2347 1073 2391 Cristi

87 2404 265 2505 —113118323
297 2463 464 2506 debent
499 2463 656 2506 fideles
695 2464 814 2520 quod
845 2470 912 2508 est
941 2480 1070 2508 suum

90 2522 432 2647 —lggstimum
453 2580 717 2637 decalogum
737 2595 828 2624 non
847 2587 916 2624 est
934 2583 1070 2638 possi-

88 2639 527 2752 -bgffedgsssinatum
557 2697 820 2754 decalogum
855 2699 952 2740 124.

87 2778 140 2784 —
174 2756 439 2812 decalogum
469 2756 695 2799 mediante
724 2757 889 2799 virtute
922 2758 1019 2800 124.

86 2837 142 2844 —
193 2814 458 2871 decalogum
508 2815 604 2858 sine
663 2816 832 2858 carnali
891 2816 1070 2859 defectu

84 2873 373 2974 n0111211ssvant
402 2931 560 2975 fratres
590 2933 794 2989 regulam
823 2933 947 2976 Petri
977 2935 1046 2977 55.

83 2990 295 3033 —vanda
323 2995 428 3033 sunt
456 2992 606 3033 omnia
635 2991 847 3034 mandata
880 2993 977 3034 118.

85 3049 236 3091 —avit
261 3050 429 3092 Paulus
460 3050 783 3106 ewangelicam
812 3050 1066 3095 libertatem
1093 3039 1096 3041 ¹

143 3113 298 3150 contra
327 3109 510 3151 Petrum
542 3110 640 3151 668.

84 3166 262 3208 —anda
292 3172 359 3209 est
380 3167 643 3210 obediencia
663 3167 747 3210 deo
770 3173 815 3210 et
834 3168 1067 3223 prepositis

82 3281 340 3326 Servatores
370 3283 575 3340 decalogi
603 3284 916 3327 nominetenus
940 3286 1036 3330 119.

82 3339 327 3383 Sei-vicium
358 3341 673 3398 discipulorum
703 3344 802 3386 683.

81 3398 258 3442 Servire
291 3400 478 3443 ecclesie
512 3402 608 3444 193.

81 3480 137 3488 —
170 3458 336 3501 debent
383 3459 588 3501 monachi
639 3459 685 3501 in
730 3460 824 3503 vita
867 3473 1064 3517 paupere

141 3518 237 3560 131.

2050 332 2153 381 827

1167 469 1224 511 ad
1256 469 1549 512 Serviendum
1594 471 1677 513 deo
1713 476 1940 526 promptus
1971 474 2158 529 quisque

1227 541 1324 570 esse
1356 529 1490 571 debet
1522 529 1619 571 125.

1168 586 1368 628 Servitus
1397 587 1631 641 ydolorum
1664 587 1760 629 120.

1168 646 1214 686 in
1246 643 1432 686 Sextum
1470 645 1732 686 mandatum
1771 644 1924 687 tabule
1963 647 2157 689 secunde

1229 702 1409 745 cottidie
1440 703 1745 758 prevaricatur
1778 703 1875 745 122.

1169 760 1335 802 Sexum
1356 761 1599 803 femineum
1609 761 1775 803 Cristus
1785 763 2048 816 approbavit
2058 764 2156 806 709.

1169 818 1298 861 Sidus
1338 820 1598 861 animalium
1627 820 1887 862 nocivorum
1918 820 2053 863 debet
2083 821 2156 863 de-

1227 878 1336 919 strui
1367 879 1465 921 353.

1169 935 1307 992 Signa
1337 937 1563 979 sensibilia
1594 936 1909 979 monachorum
1940 938 2040 979 455.

1170 1019 1223 1024 —
1245 999 1445 1038 tortuosa
1463 1001 1567 1038 sunt
1587 996 1863 1038 declinantes
1884 1008 1912 1037 a
1932 996 2155 1038 mandatis

1230 1054 1327 1096 145.

1170 1135 1224 1141 -
1257 1113 1504 1168 corporalia
1533 1117 1754 1154 sectarum
1787 1114 1884 1156 143.

1168 1194 1222 1200 —
1255 1172 1541 1213 mundialiter
1569 1172 1743 1213 variata
1775 1172 1871 1214 120.

1169 1253 1221 1258 —
1255 1230 1490 1272 mendacia
1519 1242 1636 1285 pape
1669 1232 1766 1273 130.

1167 1311 1220 1317 -
1254 1289 1482 1331 sensibilia
1512 1290 1582 1331 31.

1166 1371 1221 1377 —
1254 1348 1482 1389 sensibilia
1512 1347 1716 1389 dominus
1746 1347 2030 1403 parvipendit
2052 1350 2150 1392 300.

1166 1433 1219 1438 —
1253 1406 1480 1448 sensibilia
1509 1406 1637 1461 sequi
1666 1407 1764 1448 300.

1166 1489 1220 1494 —
1251 1465 1496 1520 ypocritica
1510 1465 1663 1507 videre
1680 1465 1838 1506 odiunt
1854 1465 2035 1520 quidam
2054 1467 2152 1508 334.

1167 1547 1218 1553 ——
1251 1524 1497 1579 ypocritica
1526 1528 1629 1565 sunt
1658 1523 1881 1566 irrisiones
1912 1524 1985 1566 dei
2015 1526 2117 1569 334.

1164 1606 1220 1613 —
1251 1582 1474 1638 religiosa,
1504 1596 1611 1624 num
1641 1581 1877 1638 proficiunt
1907 1584 2005 1625 536.

1164 1664 1220 1671 —
1254 1641 1458 1683 ordinum
1488 1641 1691 1697 pingwes
1721 1646 1902 1684 ventres
1934 1647 2018 1684 etc.
2052 1643 2152 1686 535.

1164 1723 1217 1729 —-
1252 1700 1479 1742 sensibilia
1516 1705 1620 1742 sunt
1647 1700 1988 1755 impertinencia
2018 1702 2155 1743 statui

1222 1759 1439 1800 virtutum
1470 1759 1569 1801 467.

1165 1841 1219 1846 -
1268 1818 1505 1872 dyabolica
1554 1818 1754 1860 ordinem
1805 1822 1850 1859 et
1900 1818 2153 1873 specialiter

1222 1875 1408 1918 fratrum
1442 1877 1539 1919 366.

1164 1949 1381 1977 -norum
1412 1935 1690 1977 sensibilium
1721 1935 1901 1991 prurigo
1934 1937 2032 1978 348.

1164 2007 1382 2036 —norum
1412 1994 1625 2049 ypocrisis
1657 1995 1756 2036 394.

1163 2052 1289 2094 —nis
1341 2053 1463 2095 falsis
1507 2053 1607 2108 plus
1656 2053 1851 2095 creditur
1889 2065 2024 2108 quam
2060 2053 2152 2110 legi

1222 2110 1351 2153 Cristi
1382 2113 1480 2154 251.

1160 2170 1207 2211 in
1224 2171 1352 2212 —nis
1382 2170 1663 2212 sensibilibus
1691 2184 1782 2212 11011
1811 2176 1879 2214 est
1892 2172 2033 2213 virtus
2049 2172 2148 2215 365.

1162 2228 1445 2285 Significacio
1475 2229 1638 2284 triplex
1669 2230 1884 2272 anticristi
1916 2232 2014 2274 699.

1161 2311 1215 2318 --
1245 2288 1424 2330 termini
1454 2288 1564 2330 deus
1594 2289 1663 2331 77.

1160 2371 1216 2377 —
1246 2347 1425 2389 termini
1452 2347 1584 2389 homo
1617 2348 1685 2389 76.

1160 2429 1215 2435 —
1246 2405 1463 2448 naturalis
1493 2406 1819 2462 suppositorum
1851 2406 1920 2448 76.

1161 2464 1375 2507 Silvester
1405 2464 1461 2506 de
1491 2479 1571 2507 suo
1593 2465 1775 2506 crimine
1795 2465 2027 2520 penitebat
2048 2466 2147 2508 670.

1161 2523 1296 2565 ——stri
1325 2528 1559 2578 peccatum
1591 2525 1690 2566 669.

1159 2581 1403 2624 Simbolum
1448 2582 1683 2624 Athanasii
1719 2582 1908 2624 feminas
1938 2597 2029 2625 non
2074 2596 2149 2625 ex-

1219 2641 1326 2696 cipit
1356 2653 1383 2682 a
1412 2641 1691 2683 beatitudine
1724 2642 1821 2683 706.

1159 2699 1309 2741 Simea
1338 2701 1636 2742 communicat
1664 2700 1903 2755 paritatem
1922 2700 1970 2741 in
1990 2700 2147 2743 mediis

1217 2759 1454 2814 utrobique
1489 2759 1586 2802 197.

1157 2815 1408 2859 Similitudo
1445 2831 1537 2860 non
1576 2817 1737 2861 efficax
1766 2818 1815 2859 in
1844 2830 1952 2874 rege
1981 2818 2146 2874 Anglie

1155 2957 1210 2964 -
1242 2948 1493 2991 pauperum
1528 2935 1764 2978 viduarum
1803 2939 1849 2977 et
1877 2935 2147 2990 pupillorum

1155 3075 1210 3081 —
1242 3052 1512 3094 secularium
1542 3065 1622 3107 per
1652 3052 1809 3094 fratres
1840 3053 1911 3094 44.

1155 3133 1209 3141 —
1244 3111 1430 3153 ecclesie
1461 3124 1541 3166 per
1569 3124 1732 3166 papam
1765 3111 1863 3153 129.

1156 3192 1210 3199 -
1243 3169 1520 3211 dominorum
1550 3170 1818 3212 secularium
1838 3170 2009 3212 inducit
2028 3171 2142 3226 rapi-

1214 3241 1321 3269 nam
1350 3241 1599 3284 pauperum
1631 3230 1730 3271 251.

1153 3287 1210 3328 ad
1241 3286 1583 3329 Similitudinem
1615 3287 1690 3330 dei
1707 3287 1973 3330 universitas
1993 3293 2144 3330 creata

1211 3345 1355 3387 tendit
1386 3346 1486 3389 229.

1153 3403 1384 3459 Simplices
1415 3405 1667 3448 sacerdotes
1699 3405 1864 3448 debent
1883 3406 2140 3460 permittere

1212 3468 1386 3505 curatos
1442 3463 1673 3506 inferiores
1730 3464 1855 3519 sequi
1910 3464 2140 3520 episcopos

1210 3535 1311 3564 suos
1344 3523 1442 3565 506.
