2528 4074
870 345 1175 386 GENERAL
1207 345 1431 385 INDEX.

2085 348 2191 395 815

131 490 266 546 Regis
296 490 404 546 legii
431 489 632 532 homines
651 489 780 530 multi
797 492 901 530 sunt
919 489 966 529 in
986 488 1117 529 sectis
1160 503 1163 546 ῃ
1206 489 1346 530 Rudis
1376 487 1566 543 populus
1596 487 1769 528 iocatur
1788 487 1835 527 in
1866 488 2099 529 nativitate
2131 488 2194 530 vi-

88 636 90 638 v
131 550 292 649 -3ἓ521
317 607 512 649 dominia
541 606 774 661 disponere
805 605 903 646 249.

135 690 188 696 —
218 666 413 721 legibus
423 664 610 706 subiecti
638 663 795 704 fratres
827 663 925 704 104.

134 725 238 780 -gi
262 728 417 765 notum
437 727 516 775 est,
547 718 826 763 dotacionem
847 734 944 763 esse
965 725 1119 762 contra

190 783 338 838 legem
369 780 534 822 domini
563 781 662 822 283.

0 807 29 830 ,ῃ

0 830 45 883 ζι·
134 865 187 870 -
218 839 380 895 Anglie
410 839 567 880 fratres
596 838 719 880 mille
748 851 919 880 marcas
949 850 1119 879 annua-

190 900 269 941 tim
299 898 407 939 dant
437 898 536 940 256.

133 970 292 1013 —gem
321 955 604 997 luciferinum
640 968 759 1011 papa
789 955 990 1011 sequitur
1019 955 1118 997 608.

134 1029 269 1071 -ges
299 1014 498 1056 subditos
519 1014 707 1056 ecclesie
726 1014 933 1070 regulare
955 1014 1121 1056 debent

189 1088 291 1115 cum
322 1073 582 1115 austeritate
616 1074 712 1117 172.

133 1156 187 1162 —-
218 1145 310 1174 non
338 1132 598 1186 permittant
626 1136 770 1174 sectas
802 1132 899 1174 105.

134 1213 187 1220 -
221 1191 308 1232 duo
339 1191 386 1231 in
414 1191 581 1232 mundo
612 1195 716 1232 sunt
746 1190 844 1233 328.

138 1273 191 1278 -
224 1254 270 1291 61
298 1250 588 1304 imperatores
619 1249 854 1291 ecclesiam
882 1247 1017 1290 stulte
1048 1247 1122 1289 do-

189 1312 400 1350 taverunt
436 1308 535 1351 590.

132 1390 187 1396 -
217 1366 399 1421 tyranni
426 1366 790 1422 congregacionis
811 1365 992 1420 dyaboli
1023 1365 1121 1407 105.

31 1433 34 1440 ’
104 1470 108 1472 ,
134 1448 187 1454 -
219 1429 412 1481 regnant
440 1438 521 1480 per
551 1425 742 1467 Gristum
773 1425 872 1468 105.

134 1507 191 1514 —
223 1484 471 1526 honorandi
500 1488 605 1526 sunt
636 1484 733 1526 172.

134 1566 188 1572 —-
221 1542 399 1585 deitatis
427 1542 583 1585 vicarii
614 1543 712 1584 172.

68 1609 81 1614 ”
133 1615 299 1657 —gum
327 1606 444 1643 terre
474 1601 583 1657 legii
611 1602 769 1643 fratres
791 1599 991 1642 homines
1024 1599 1121 1640 104.

136 1683 188 1689 —
219 1664 338 1702 terre
368 1659 570 1702 homines
599 1659 709 1715 legii
737 1660 808 1702 42.

132 1719 261 1760 Ritus
301 1723 347 1760 et
382 1718 560 1760 habitus
598 1718 912 1761 canonicorum
949 1717 1124 1759 noviter

192 1777 424 1819 adinventi
453 1778 553 1819 248.

135 1859 188 1865 -
221 1836 454 1878 sensibiles
485 1840 531 1878 et
552 1836 737 1878 habitus
768 1835 972 1877 ordinum
1002 1835 1072 1877 26.

135 1918 190 1924 -
221 1895 269 1936 111
298 1894 448 1936 multis
478 1895 679 1950 partibus
709 1893 954 1950 culpabiles
984 1894 1083 1935 494.

134 1978 190 1984 —-
222 1958 268 1995 et
304 1954 588 1996 cantaciones
626 1953 827 1995 ordinate
856 1953 904 1994 in
935 1952 1124 1995 ecclesia

136 2094 191 2100 —
221 2071 426 2126 putridus
455 2071 642 2112 fratrum
673 2072 756 2113 93..

135 2153 190 2160 —
235 2142 484 2185 pannorum
529 2131 738 2172 observat
778 2133 902 2172 secta
945 2128 1125 2171 Macho-

196 2189 303 2230 meti
334 2190 404 2230 30.

135 2271 190 2276 —
221 2247 442 2289 sensibilis
472 2251 693 2288 sectarum
724 2248 792 2289 36.

136 2330 190 2335 —
221 2306 392 2361 species
423 2307 493 2348 80.

135 2388 188 2394 —-
220 2365 407 2406 fratrum
437 2363 705 2406 difficultant
733 2364 874 2406 tribus
902 2363 958 2406 de
979 2363 1123 2405 causis

135 2505 188 2511 -—
222 2486 268 2524 et
295 2482 452 2538 regule
481 2486 702 2524 sectarum
730 2482 830 2524 304.

135 2564 190 2570 —
222 2540 468 2596 religancia
496 2542 598 2583 468.

133 2599 191 2640 ad
237 2622 292 2629 —
331 2598 526 2654 privatos
571 2611 619 2641 se
664 2598 867 2654 obligant
910 2598 1006 2641 sine
1052 2598 1126 2640 dei

192 2658 382 2700 licencia
411 2657 510 2700 284.

132 2717 287 2758 Robur
321 2730 451 2758 suum
489 2715 756 2758 contrahunt
790 2719 911 2758 secte
949 2728 1005 2757 ex
1036 2715 1124 2757 ele-

192 2775 373 2817 mosinis
403 2776 504 2817 249.

132 2834 277 2875 Roma
304 2834 406 2889 plus
437 2838 646 2876 execrata
675 2846 810 2890 quam
830 2833 993 2876 Sodom
1024 2834 1122 2876 552.

137 2916 190 2922 -
221 2892 365 2934 nodus
392 2892 560 2934 heresis
591 2893 690 2935 600.

135 2974 190 2983 --
220 2951 355 2994 infert
390 2952 472 2993 toti
506 2951 798 2994 cristianismo
843 2950 1122 2993 formidinem

194 3010 252 3051 ad
279 3010 559 3065 peccandum
589 3012 690 3053 559.

135 3093 191 3099 -
221 3069 350 3111 sedes
380 3082 437 3111 ex
466 3069 651 3124 antiquo
686 3068 855 3110 scelere
885 3068 1123 3111 maledicta

132 3186 338 3227 Romana
352 3186 476 3228 curia
488 3186 537 3227 in
550 3186 647 3228 loco
662 3185 1012 3241 prophanissimo
1022 3186 1120 3228 670.

134 3266 190 3274 -
222 3244 346 3286 curia
379 3249 610 3301 tamquam
652 3244 814 3300 refuga
858 3244 1122 3287 detestanda

136 3361 241 3402 —ni
272 3361 466 3419 episcopi
495 3361 640 3403 cultus
670 3375 815 3404 vanus
845 3363 943 3404 333.

133 3419 406 3461 Rudimfflta
433 3419 539 3462 fidei
567 3433 706 3476 quare
736 3419 929 3476 pharisei
956 3421 1121 3476 populo

133 3537 175 3578 R
192 3479 249 3578 ig·
269 3477 445 3578 an{lic⁰
475 3479 694 3580 predicggi
722 3478 893 3521 nollent
925 3480 1021 3522 126.

176 3551 206 3578 u
238 3551 275 3578 is
306 3551 331 3578 o
364 3550 596 3579 servancla
686 3570 695 3579 .

1266 547 1372 602 gilie
1402 546 1603 600 Baptiste
1636 546 1734 586 334.

1207 606 1264 646 ad
1294 605 1488 646 Ruinam
1517 603 1646 658 regni
1676 607 1723 644 et
1751 602 1871 643 mala
1901 603 1989 644 alia
2009 617 2195 658 sequen-

1266 663 1334 704 cia
1353 666 1452 718 post
1471 661 1586 704 hanc
1602 661 1741 703 vitam
1760 666 1970 715 preparat
1985 661 2196 716 dampna-

1265 721 1366 762 bilis
1395 719 1604 762 vecordia
1635 723 1680 761 et
1708 719 1846 761 stulta
1876 719 2051 761 omissio
2073 733 2194 761 secu-

1265 779 1428 820 larium
1460 779 1558 820 315.

1207 839 1448 880 Russetum
1483 837 1682 878 laborem
1721 834 1948 877 assiduum
1978 835 2197 892 significat

1266 897 1314 937 in
1345 895 1535 938 ecclesia
1564 895 1689 937 milit.
1722 895 1792 937 27.

1207 956 1412 1010 Ruptura
1440 954 1606 996 utrium
1636 954 1729 996 vini
1761 953 1998 1008 ewangelii
2028 954 2097 995 97.

1686 1111 1736 1157 S.

1212 1247 1460 1288 Sabbatum
1489 1260 1577 1287 non
1609 1259 1787 1288 servare
1821 1247 1918 1288 120.

1215 1306 1307 1348 —ti
1337 1304 1633 1347 sanctificacio
1668 1306 1764 1347 118.

1211 1364 1427 1406 Sacerdos
1456 1377 1589 1406 verus
1620 1376 1739 1418 papa
1769 1377 1859 1404 non
1891 1368 1958 1405 est
1988 1365 2086 1406 258.

1213 1450 1267 1456 -—
1300 1437 1390 1465 non
1420 1422 1544 1464 valet
1573 1422 1822 1463 ministrare
1849 1423 2070 1477 penitenti
2089 1423 2200 1464 inte-

1272 1494 1398 1538 gram
1429 1481 1784 1523 satisfaccionem
1816 1483 1914 1523 510.

1213 1564 1267 1570 -—
1306 1554 1397 1582 non
1434 1540 1647 1582 contritus
1687 1539 1743 1582 de
1780 1544 1965 1595 peccato
2003 1540 2201 1582 nondum

1271 1599 1651 1641 sacramentaliter
1679 1599 1992 1641 reconciliatur
2022 1600 2120 1641 512.

1214 1683 1267 1688 —-
1299 1658 1443 1700 fidelis
1463 1658 1620 1700 volens
1642 1658 1779 1713 gratis
1800 1658 2032 1713 predicare
2054 1671 2201 1699 ewan-

1272 1717 1448 1773 gelium
1470 1717 1575 1758 Iesu
1606 1716 1736 1758 Gristi
1766 1716 2025 1772 prohibetur
2054 1716 2200 1772 424s5.

1214 1800 1268 1805 -—
1301 1776 1488 1831 quilibet
1516 1780 1797 1817 sacramenta
1826 1776 2027 1817 conferre
2056 1781 2204 1831 potest

1273 1835 1386 1876 sicut
1416 1847 1536 1889 papa
1566 1835 1666 1877 259.

1216 1918 1270 1924 -
1302 1898 1348 1935 et
1386 1893 1614 1947 dyaconus
1644 1893 1812 1935 habent
1841 1893 2076 1935 licenciam
2105 1892 2207 1948 pre-'

1274 1951 1453 1994 dicandi
1483 1952 1584 1994 405.

1215 2036 1268 2041 -—
1291 2025 1382 2053 non
1404 2010 1539 2053 debet
1557 2010 1756 2066 recipere
1777 2023 1805 2052 a
1825 2010 2054 2053 sacerdote
2070 2011 2202 2053 bene-

1273 2070 1423 2112 ficium
1453 2069 1750 2111 absolucionis
1782 2070 1881 2111 512.

1215 2154 1268 2158 -—
1291 2141 1498 2171 cesareus
1527 2141 1555 2170 a
1583 2141 1701 2184 papa
1728 2128 1848 2183 capit
1866 2128 2081 2184 originem
2103 2130 2202 2172 243.

1214 2211 1268 2218 -—
1301 2201 1507 2230 cesareus
1537 2188 1627 2229 late
1660 2187 1927 2243 dispergitur
1958 2189 2055 2230 243.

1214 2270 1268 2276 —
1300 2247 1528 2302 religionis
1558 2246 1734 2301 private
1764 2245 1900 2288 debet
1928 2246 2109 2289 obedire
2136 2259 2202 2288 re-

1273 2306 1506 2361 quisicioni
1537 2306 1636 2348 506.

1214 2389 1267 2394 —
1301 2369 1369 2406 est
1397 2364 1726 2420 predestinatus
1757 2364 1945 2420 quilibet
1974 2366 2073 2407 259.

1214 2448 1268 2453 -
1303 2428 1369 2465 651
1397 2424 1538 2465 laicus
1570 2425 1669 2466 259.

1214 2506 1269 2512 —
1302 2482 1492 2537 quilibet
1522 2482 1657 2524 debet
1686 2496 1778 2523 non
1814 2486 2098 2537 contempere
2134 2494 2201 2523 re-

1273 2542 1420 2596 cipere
1457 2540 1726 2583 beneficium
1765 2540 2061 2582 absolucionis
2100 2542 2199 2583 512.

1215 2623 1268 2630 —-
1303 2599 1443 2642 Cristo
1465 2600 1750 2641 conformiter
1769 2600 1923 2641 vivere
1944 2599 2079 2641 debet
2100 2600 2198 2642 710.

1214 2683 1267 2689 -
1302 2663 1348 2700 61
1390 2671 1509 2714 papa
1554 2658 1720 2700 debent
1764 2658 2027 2700 renunciare
2064 2659 2201 2701 statui

1271 2730 1451 2759 cesareo
1482 2718 1580 2759 628.

1213 2776 1334 2817 —oti
1363 2776 1473 2818 deus
1504 2776 1700 2818 officium
1729 2776 1892 2817 limitat
1923 2777 2021 2818 258.

1214 2859 1267 2864 —
1288 2835 1512 2890 pertinere
1534 2835 1669 2877 debet
1686 2835 1884 2877 remissio
1904 2834 2077 2890 peccati
2100 2835 2197 2877 165.

1212 2917 1267 2924 —
1300 2894 1446 2936 alieno
1476 2894 1514 2936 si
1537 2894 1636 2949 quis
1665 2894 1858 2935 voluerit
1887 2906 1969 2935 sua
1999 2893 2200 2944 confiteri

1270 2957 1468 3007 peccata,
1507 2953 1742 2995 licenciam
1774 2952 1869 2994 eius
1898 2952 2020 3007 prius
2049 2957 2199 3008 postu-

1270 3012 1333 3053 let
1363 3013 1462 3054 507.

1213 3092 1266 3099 ·-
1298 3070 1447 3112 alieno
1478 3070 1636 3112 volens
1658 3069 1859 3111 confiteri
1878 3083 1957 3124 pro
1978 3069 2196 3112 beneficio

1269 3128 1566 3170 absolucionis
1604 3128 1844 3170 obtinendo
1875 3133 2032 3183 petens
2061 3129 2197 3171 licen-

1269 3187 1384 3229 ciam
1415 3187 1616 3229 obtinere
1647 3192 1793 3242 potest
1824 3189 1923 3230 507.

1211 3269 1265 3274 -
1298 3260 1388 3287 non
1416 3246 1522 3288 licet
1549 3259 1752 3302 pugnare
1784 3247 1883 3289 628.

1211 3304 1419 3346 ——dotem
1451 3304 1561 3347 deus
1588 3305 1782 3347 instituit
1812 3306 1910 3347 258.

1209 3363 1395 3404 —dotes
1417 3362 1546 3406 Cristi
1574 3378 1667 3406 non
1697 3364 1863 3406 debent
1893 3377 1989 3406 esse
2021 3364 2196 3406 onerosi

1268 3422 1433 3477 populo
1465 3423 1534 3464 28.

1211 3481 1465 3581 ——7dllebent
1484 3481 1727 3523 vindictam
1749 3494 1776 3523 a
1795 3481 1959 3537 populo
1980 3481 2194 3537 eclipsare
