2528 4074
21 3600 35 3627 s

866 424 1170 464 GENERAL
1202 424 1425 464 INDEX.

129 575 455 616 Enumerantur
482 574 602 612 secte
632 575 823 625 quatuor
850 570 949 610 242.

128 631 333 674 Enutrire
362 629 475 670 filios
519 628 699 682 dyaboli
732 641 824 669 non
861 632 928 669 est
966 627 1106 669 honor

188 689 269 730 deo
301 689 398 730 383.

129 748 369 802 Episcopus
398 758 537 786 unum
556 744 743 799 precipit
773 748 818 786 et
836 743 1105 785 contrarium

186 805 367 847 mandat
395 804 491 844 185.

130 888 184 894 —
212 861 640 915 Hierosolymitanus
685 860 917 915 episcopus
946 860 1105 902 Petrus

186 926 231 964 et
257 921 452 963 Jacobus
479 920 548 961 91.

129 1003 183 1010 —
212 980 459 1022 animarum
489 977 655 1019 Cristus
684 978 784 1020 466.

129 1061 182 1069 —
211 1038 437 1094 predicare
469 1036 603 1078 debet
632 1037 731 1078 261.

127 1097 280 1152 -copi
308 1095 586 1138 consecracio
624 1109 715 1137 non
753 1099 820 1136 est
853 1095 1105 1136 necessaria

127 1157 289 1314 —{{p8)o
320 1213 504 1267 expulso
532 1212 655 1254 locus
694 1212 894 1254 sanccior
927 1211 1105 1254 videtur

128 1344 340 1386 —copum
376 1342 405 1371 a
449 1330 533 1371 deo
561 1329 812 1371 institutum
842 1342 939 1371 esse
968 1342 1104 1384 opera

181 1393 398 1431 testantur
425 1389 524 1430 258.

125 1447 180 1489 ab
212 1461 324 1502 —po
346 1446 625 1489 confirmacio
645 1446 845 1489 veritatis
865 1445 970 1488 fidei
998 1459 1102 1501 que-

179 1506 290 1548 ritur
317 1506 416 1547 262.

92 1553 98 1557 ¹
125 1565 282 1619 —copi
310 1563 555 1606 residentes
583 1563 631 1604 in
653 1563 805 1605 castris
827 1563 1103 1605 dominorum

180 1623 490 1678 temporalium
521 1624 619 1664 683.

43 1681 74 1737 k
124 1704 178 1711 —
210 1686 254 1724 et
282 1682 444 1737 prelati
472 1681 765 1723 adversantur
795 1680 935 1723 Oristo
967 1681 1066 1723 672.

36 1750 57 1789 Γ·
125 1763 189 1788 -,
210 1745 255 1782 et
282 1740 444 1795 prelati
471 1740 671 1794 perversi
699 1740 747 1781 in
775 1740 904 1794 lupos
945 1740 1043 1782 672.

24 1826 27 1838 ψ,
123 1821 178 1829 -
207 1799 400 1840 limitant
412 1798 711 1854 predicatores
727 1798 983 1854 sophisticos
1004 1799 1103 1840 263.

38 1851 52 1907 ,⁵
124 1878 178 1888 --
208 1858 404 1913 graviter
432 1858 581 1899 ferunt
610 1857 941 1899 ordinacionem
976 1856 1107 1899 Oristi

40 1952 49 1966 ;.
174 1916 359 1958 liberam
389 1917 488 1958 262.

35 1976 52 2004 ἲ
123 1998 176 2004 --
206 1975 398 2017 libenter
426 1974 616 2016 audiunt
644 1975 797 2016 missas
829 1975 927 2017 262.

38 2046 58 2078 ⁴1
123 2056 177 2063 —
208 2034 395 2076 ecclesie
438 2034 592 2075 utilius
634 2038 811 2089 tempus
853 2033 1104 2088 expendere

156 2087 159 2089 ’
179 2096 359 2147 possent
388 2093 487 2134 263.

31 2147 53 2174 ³¹
122 2173 178 2180 —
208 2151 377 2192 cesarei
406 2151 514 2206 quid
544 2151 627 2192 sibi
655 2151 925 2193 reservarint
955 2152 1054 2193 260.

123 2233 175 2239 —
208 2210 377 2251 cesarei
391 2222 559 2251 errores
575 2214 871 2251 consecuntur
886 2210 985 2252 260.

19 2251 57 2317 ῥὶ
124 2291 178 2298 -
207 2269 337 2310 utffia
366 2268 592 2310 dimittunt
619 2269 717 2310 262.

38 2336 46 2346 ‘
125 2349 179 2356 —
208 2340 289 2382 per
318 2340 536 2382 expensas
567 2327 754 2369 ecclesie
791 2327 966 2369 onerosi
1002 2331 1105 2369 sunt

180 2387 277 2428 262.

54 2439 62 2446 ’
123 2467 178 2474 -—
208 2444 470 2486 cerimonias
498 2457 638 2486 novas
666 2444 954 2486 introducunt
983 2445 1082 2486 262.

48 2499 62 2535 ἓ
124 2517 390 2558 —coporum
418 2516 573 2559 pugna
603 2503 841 2558 corporalis
877 2505 976 2545 219.

7 2568 15 2598 ἑ
58 2591 61 2594 -
123 2584 177 2591 —
209 2562 329 2603 facta
358 2562 586 2603 sensibilia
614 2563 893 2617 superfluunt
923 2564 1021 2605 259.

47 2638 54 2671 ;,
123 2643 177 2650 -
208 2633 488 2662 cesareorum
515 2621 753 2677 privilegia
781 2621 954 2662 infinita
984 2622 1082 2663 260.

51 2682 55 2683 ⁷
123 2702 178 2709 -—
207 2679 387 2721 racione
423 2679 519 2721 vita
555 2680 798 2735 apostolica
838 2684 883 2722 et
912 2694 1104 2721 commu-

179 2742 276 2779 tata
305 2739 404 2780 260.

47 2771 60 2822 's
123 2818 178 2826 —
207 2796 339 2838 homo
369 2796 570 2851 proprius
600 2797 700 2839 262.

18 2898 19 2903 ,
51 2886 54 2887 γ
121 2855 267 2910 Epule
298 2855 474 2897 macule
503 2859 725 2897 sectarum
756 2857 825 2898 70.

63 2959 65 2963 ,
122 2913 168 2954 111
197 2914 308 2955 -115
338 2918 458 2956 secte
486 2915 662 2956 macule
690 2914 930 2956 convivant
961 2915 1030 2957 70.

122 2973 387 3028 Equitatura
423 2971 636 3015 moderna
679 2973 958 3015 sacerdotum
1003 2987 1104 3015 con-

180 3031 380 3073 funditur
406 3032 505 3074 614.

7 3065 15 3083 λ’
40 3123 62 3152 :z
121 3090 432 3132 Eradicabitur
466 3094 590 3132 secta
625 3089 880 3131 humanitus
921 3090 1107 3132 inventa

181 3149 281 3190 437.

122 3207 357 3249 Eradicate
387 3211 508 3249 secte
539 3207 608 3249 73.

122 3265 305 3308 Ereccio
335 3265 476 3307 crucis
506 3266 611 3319 5753
641 3267 739 3307 596.

125 3347 179 3354 —
210 3325 258 3365 in
286 3324 363 3367 via
393 3324 559 3366 domini
590 3325 687 3366 102.

123 3383 307 3439 Erigere
322 3387 469 3438 potest
475 3383 708 3424 cristianus
722 3382 998 3424 intellectum
1008 3383 1104 3425 125.

124 3441 283 3483 Errare
302 3446 450 3496 potest
466 3453 585 3496 papa
612 3441 660 3482 in
679 3441 924 3483 canonibus
945 3446 991 3483 et
1009 3442 1105 3484 bul-

180 3500 235 3541 lis
266 3502 335 3542 35.

27 3564 52 3591 -’·.
125 3580 179 3587 -
208 3558 255 3599 111
285 3571 433 3613 opere,
464 3558 625 3611 animo,
655 3570 857 3600 sermone
888 3559 986 3600 343.

125 3639 180 3646 -
209 3621 393 3672 possunt
407 3616 596 3672 apostoli
607 3616 654 3657 in
668 3617 862 3658 moribus
878 3622 924 3659 et
938 3617 1013 3659 via
1034 3619 1103 3660 68.

2071 430 2173 478 757

1191 568 1407 607 Erramnt
1435 566 1612 621 plurimi
1640 567 1686 607 in
1717 566 1804 608 fide
1834 569 1932 609 344.

1192 624 1320 666 —cia
1350 624 1496 666 sidera
1525 629 1644 666 secte
1676 626 1744 666 73.

1191 684 1325 724 Error
1361 683 1502 724 tocius
1539 683 1645 724 novi
1690 683 1853 725 ordinis
1891 685 2177 739 corrigendus

1251 746 1318 782 est
1359 742 1458 783 225.

1193 823 1247 829 ——
1278 799 1542 841 novissimus
1572 803 1792 841 sectarum
1825 801 1922 842 175.

1192 883 1249 888 —
1281 862 1348 899 est
1378 858 1546 899 discere
1577 862 1694 899 artes
1725 858 2006 900 mechanicas
2037 860 2135 901 209.

1193 940 1248 947 ·—
1280 917 1510 958 continens
1531 916 1644 958 vivis
1666 922 1711 958 et
1732 918 1914 958 mortuis
1930 922 2062 959 nocet
2077 918 2177 959 246.

1193 999 1247 1006 ——
1279 980 1499 1017 sectarum
1530 975 1577 1015 111
1606 976 1738 1017 rebus
1766 975 2026 1030 theologicis
2057 978 2126 1018 60.

1194 1058 1248 1063 -
1281 1026 1514 1075 diuturnus
1544 1034 1746 1075 subiacet
1764 1035 1976 1089 potestati
1998 1035 2178 1089 dyaboli

1192 1174 1246 1181 -
1279 1152 1523 1206 personalis
1555 1156 1600 1193 et
1630 1152 1853 1207 generalis
1882 1153 1980 1194 353.

1194 1223 1344 1251 —rem
1373 1224 1503 1251 suum
1523 1214 1642 1251 secte
1665 1224 1720 1251 ex
1740 1210 2080 1252 confirmacione
2101 1224 2178 1266 pa·
2208 1223 2210 1225 ·

1249 1269 1342 1323 pali
1370 1268 1632 1310 confirmant
1661 1270 1760 1310 249.

1190 1327 1237 1367 111
1269 1340 1420 1368 —rem
1450 1328 1578 1368 multi
1609 1327 1664 1369 de
1697 1327 1869 1369 duobus
1910 1328 2036 1383 papis
2064 1328 2180 1382 lapsi

1250 1390 1353 1427 sunt
1385 1386 1481 1428 179.

1189 1444 1236 1484 in
1267 1457 1372 1486 ——re
1402 1444 1638 1499 participes
1676 1449 1780 1486 sunt
1818 1458 1971 1486 omnes
2002 1445 2177 1486 ordines

1249 1503 1355 1544 novi
1387 1504 1485 1544 225.

1193 1575 1319 1603 —res
1350 1567 1572 1603 sectarum
1605 1562 1712 1616 1743
1748 1561 1851 1616 1753
1882 1563 1980 1604 353.

1192 1644 1247 1650 —
1277 1621 1463 1662 fratrum
1494 1622 1563 1662 35.

1192 1702 1247 1708 -
1280 1679 1356 1734 qui
1386 1680 1614 1734 episcopos
1645 1692 1847 1721 cesareos
1883 1684 2179 1721 consecuntur

1193 1820 1247 1826 -
1280 1801 1485 1838 cecantes
1517 1797 1752 1838 ecclesiam
1786 1798 1882 1838 178.

1192 1879 1246 1884 ——
1278 1856 1421 1910 patuli
1460 1855 1701 1897 creduntur
1738 1861 1967 1911 tamquam
2004 1856 2180 1897 articuli

1250 1914 1357 1955 fidei
1384 1915 1482 1956 260.

1193 1987 1348 2014 —rum
1379 1977 1597 2014 sectarum
1628 1972 1800 2014 radices
1821 1973 2057 2014 scrutande
2079 1975 2176 2015 353.

1194 2033 1371 2073 —ribus
1402 2036 1621 2073 sectarum
1652 2031 1923 2073 obviandum
1954 2037 2021 2074 est
2051 2033 2150 2075 289.

1194 2115 1248 2120 -
1280 2090 1430 2132 multis
1461 2095 1580 2131 secte
1612 2103 1659 2131 se
1690 2090 1920 2145 implicent
1950 2093 2048 2133 305.

1192 2150 1406 2191 Essencia
1435 2149 1643 2190 trinitatis
1674 2153 1802 2203 pater
1833 2154 1900 2191 est
1932 2151 2028 2192 163.

1191 2210 1361 2249 Eterna
1405 2208 1600 2262 perdicio
1639 2212 1860 2249 sectarum
1890 2222 1980 2250 non
2021 2209 2180 2250 dormi-

1249 2271 1316 2308 tat
1345 2268 1414 2308 33.

1192 2350 1247 2355 —
1280 2330 1382 2367 sunt
1412 2325 1616 2380 decalogi
1645 2325 1858 2367 mandata
1895 2327 1991 2367 122.

1191 2385 1476 2440 Etymologia
1506 2384 1809 2439 nigromancie
1842 2386 1940 2427 700.

1193 2467 1247 2473 —-
1278 2443 1576 2498 philomancie
1609 2443 1706 2485 700.

1192 2526 1248 2531 —-
1281 2502 1625 2543 mendicacionis
1657 2503 1754 2543 197.

1191 2561 1474 2602 Eucharistia
1504 2560 1693 2602 fundata
1712 2560 1950 2602 infideliter
1981 2574 2077 2603 esse
2108 2575 2179 2603 co-

1251 2620 1317 2661 lor
1345 2619 1421 2661 vel
1449 2619 1594 2674 figura
1625 2620 1724 2661 304.

1193 2691 1324 2719 —am
1354 2678 1555 2733 accipere
1587 2679 1684 2720 364.

1191 2738 1238 2778 in
1270 2737 1371 2778 -ia
1400 2737 1507 2778 unio
1539 2736 1670 2778 Cristi
1707 2751 1809 2778 cum
1847 2738 2037 2780 ecclesia
2066 2738 2178 2794 figu-

1250 2801 1373 2837 ratur
1403 2796 1501 2838 622.

1191 2855 1388 2896 Eusebia
1418 2854 1524 2910 quid
1554 2858 1621 2895 est
1648 2855 1746 2896 223.

1192 2916 1426 2956 Evacuare
1457 2913 1591 2955 debet
1622 2913 1811 2954 ecclesia
1832 2918 1975 2956 sectas
1998 2920 2178 2970 propter

1251 2973 1487 3014 sanitatem
1516 2985 1644 3013 suam
1675 2973 1772 3014 352.

1194 3055 1245 3061 -—
1281 3031 1609 3086 superfluitates
1639 3031 1900 3072 intrinsecas
1931 3032 2029 3073 352.

1192 3092 1451 3145 Evagantes
1482 3103 1509 3131 a
1539 3093 1661 3131 secta
1691 3089 1821 3131 Gristi
1853 3091 1950 3132 145.

1192 3150 1395 3190 Eventus
1426 3148 1555 3189 multi
1584 3148 1642 3189 ad
1661 3148 1828 3189 bonum
1857 3149 2044 3191 ecclesie
2076 3162 2178 3191 eve-

1250 3208 1380 3248 niunt
1411 3209 1509 3248 588.

1194 3290 1248 3296 —
1279 3267 1492 3308 instinctu
1529 3265 1650 3307 curie
1690 3265 1737 3306 in
1766 3265 1977 3321 Anglicos
2008 3267 2177 3308 contin-

1251 3339 1361 3380 gens
1392 3326 1490 3366 589.

1192 3383 1440 3425 Evidencia
1470 3382 1666 3437 neophiti
1696 3382 1754 3424 ad
1775 3383 2043 3425 credendum
2078 3385 2174 3426 176.

1193 3465 1248 3472 —
1279 3442 1406 3483 nulla
1434 3441 1656 3483 infidelior
1686 3446 1753 3483 est
1782 3442 2006 3484 anticristo
2038 3443 2137 3485 276.

1193 3524 1248 3530 —
1281 3501 1336 3542 de
1366 3500 1533 3542 ieiunio
1564 3499 1694 3541 Cristi
1724 3501 1822 3542 346.

1194 3559 1520 3660 —2pgobabilis
1537 3558 1656 3614 quod
1677 3559 1812 3600 simus
1834 3559 1889 3601 de
1910 3563 2033 3601 secta
2049 3559 2179 3602 Cristi
