2528 4074
109 1555 125 1598 ιι
147 1554 176 1589 0
188 1556 258 1595 soz.
280 1555 364 1587 1381»

404 377 504 423 608
1108 367 1426 407 JOHANNJS
1465 366 1697 412 WJOLJF,
2219 362 2328 420 [αφ.
2349 337 2405 404 ’γ

400 516 691 582 permittere
728 514 1015 564 sacerdotes
1053 518 1414 563 consentaneos
1452 512 1570 562 huic
1606 511 1820 560 facinori
1855 510 2044 575 populo
2074 510 2127 558 in
2152 510 2404 575 spirituali

399 601 566 651 officio
618 600 918 650 ministrare.
1009 599 1209 649 Revera
1262 597 1502 647 secularis
1557 598 1804 656 dominus,
1860 613 2064 661 compos
2116 596 2299 646 mentis
2351 604 2402 646 et

398 687 614 737 racionis
665 686 938 751 particeps,
991 691 1097 733 tam
1151 701 1276 749 opus
1315 699 1467 749 quam
1506 668 1806 732 consensum
1845 682 1912 731 ad
1947 682 2114 747 ipsum
2152 698 2218 730 ex
2254 689 2402 747 parte

399 773 589 822 domini
635 771 950 830 abhorreret,
999 787 1114 819 cum
1154 770 1348 819 clarum
1387 769 1450 818 sit
1486 786 1551 818 ex
1588 769 1684 818 isto
1723 785 1874 833 opere
1912 774 1962 817 et
1997 768 2104 818 vita
2142 770 2398 834 sequente,

2519 717 2528 783 ἑ

400 853 728 908 cuiusmodi⁶⁰
755 856 1043 906 sacerdotes
1068 855 1196 904 tales
1220 851 1474 904 fuerunt⁶1
1500 854 1583 903 vel
1608 854 1806 918 prelati.
1848 848 2402 903 Contaminacionem⁶⁹
2445 869 2469 907 5
2520 839 2528 906 J:

398 961 517 1008 ergo
556 948 830 1007 expectare
866 948 1079 1006 possunt
1115 947 1220 989 tam
1259 940 1472 1004 wlgares
1521 955 1673 1004 quam
1712 939 1903 988 domini
1939 939 2004 989 ab
2043 939 2254 999 eisdem,
2310 938 2401 994 sed

397 1028 660 1094 spirituale
723 1026 1017 1090 suffragium
1070 1025 1154 1075 vel
1214 1025 1577 1090 purgacionem
1629 1021 1926 1089 aliquam,⁶³
1987 1031 2261 1090 antequam
2311 1024 2402 1072 fiat

397 1113 706 1172 satisfaccio,
761 1129 863 1161 non
915 1118 1201 1176 expectent.
1281 1109 1424 1160 Sicut
1468 1111 1601 1159 enim
1638 1106 1897 1174 pacifici⁶4
1934 1116 2052 1159 sunt
2087 1109 2179 1159 filii
2215 1109 2298 1159 dei
2335 1123 2399 1159 ex
2431 1163 2433 1165 ¹

398 1198 674 1263 ewangelio
711 1197 897 1247 Matth.
941 1193 1069 1258 5,⁶⁵9
1108 1197 1178 1247 sic
1215 1196 1467 1246 bellantes
1503 1195 1793 1266 huiusmodi
1831 1202 1949 1244 sunt
1982 1195 2075 1244 filii
2109 1194 2279 1245 Belial
2315 1195 2400 1246 vel

396 1285 528 1349 regis
579 1283 837 1349 superbie,
893 1291 944 1332 et
995 1283 1065 1332 sic
1117 1283 1271 1347 pauci
1314 1281 1397 1332 vel
1448 1282 1577 1330 nulli
1620 1281 1913 1331 sacerdotes*
1945 1287 2063 1330 sunt
2097 1281 2152 1330 in
2186 1279 2396 1346 Anglia,
2419 1297 2470 1334 10

397 1371 517 1437 quin
554 1371 608 1419 in
643 1371 737 1419 isto
775 1368 950 1418 labore
989 1365 1162 1418 sunt⁶⁶
1198 1368 1502 1432 irregulares
1541 1374 1592 1417 et
1629 1366 1941 1417 execrabiles
1980 1383 2045 1415 ex
2076 1382 2324 1416 consensu
2350 1373 2402 1416 et

396 1474 488 1522 per
526 1472 836 1521 consequens
863 1455 1100 1520 privandi
1124 1471 1216 1519 per
1240 1454 1524 1519 superiores
1552 1454 1780 1503 dominos
1806 1449 1883 1502 a⁶⁷
1913 1469 2213 1519 quocunque
2238 1451 2397 1512 lucro,

399 1543 534 1609 quod
558 1538 572 1610 Η
599 1542 781 1591 attinet
818 1541 983 1590 officio
1021 1540 1310 1589 sacerdotis.

539 1628 610 1677 Et
645 1627 805 1676 multo
844 1627 1135 1677 evidencius
1170 1642 1381 1675 romana
1419 1622 1613 1674 curia⁶⁸
1653 1633 1729 1675 est
1765 1625 1968 1675 racione
2003 1625 2147 1674 istius
2185 1624 2400 1674 auctori·

396 1715 613 1764 zacionis
638 1720 899 1778 tamquam
930 1711 1111 1776 refuga
1137 1711 1453 1760 detestanda.
1504 1711 1640 1760 Nam
1651 1707 1697 1738 ⁶9
1723 1728 1862 1777 papa
1893 1717 1969 1760 est
1991 1711 2044 1758 in
2069 1706 2400 1776 adepcione⁷⁰
2418 1726 2470 1764 15

395 1800 587 1865 positus
612 1799 696 1849 vel
733 1805 920 1848 statum
946 1797 1227 1847 secularem
1255 1797 1322 1846 ad
1350 1793 1563 1846 instar⁷1
1592 1795 1745 1846 Cristi
1771 1796 2030 1861 auffugere
2054 1795 2139 1846 vel
2162 1795 2398 1845 iniuriam

394 1886 653 1951 propriam
704 1885 757 1933 in
795 1884 1100 1934 effundendo
1139 1883 1432 1933 cristianum
1470 1883 1778 1947 sangwinem
1815 1877 2144 1942 vindicare,⁷²
2195 1889 2247 1932 et
2283 1899 2399 1932 cum

396 1971 675 2022 secundum
737 1971 879 2034 eligit
939 1977 990 2019 et
1040 1970 1260 2035 primum
1313 1965 1558 2019 donum⁷³
1610 1969 1867 2035 sequendo
1921 1967 2143 2018 Cristum
2194 1967 2397 2034 refugit,

395 2057 720 2107 manifestum
773 2063 871 2116 est,
927 2056 1063 2122 quod
1115 2056 1180 2105 sit
1231 2063 1466 2121 apostata
1519 2052 1606 2105 a⁷4
1653 2054 1805 2105 Cristi
1855 2055 2035 2120 regula
2079 2061 2131 2104 et
2173 2055 2402 2122 sequitur

395 2161 567 2208 regem
620 2143 777 2192 alium
829 2141 1165 2202 luciferinum,
1221 2138 1394 2191 cum⁷⁵
1446 2142 1570 2192 fides
1623 2142 1824 2202 edocet,
1880 2141 2015 2208 quod
2052 2142 2107 2190 in
2143 2141 2400 2208 sequendo
2417 2155 2472 2194 20
2523 2135 2528 2138 ’

398 2227 620 2278 Cristum
659 2234 760 2278 stat
795 2234 903 2277 tota
942 2228 1180 2277 cristiana
1217 2228 1394 2292 religio
1433 2235 1484 2277 et
1518 2228 1761 2293 fugiendo
1801 2245 1832 2277 a
1870 2223 2109 2287 Cristo,⁷⁶
2146 2227 2402 2294 sequendo

397 2314 675 2380 dyabolum
727 2320 829 2365 stat
879 2320 987 2363 tota
1039 2314 1295 2379 apostasia
1339 2313 1681 2364 membrorum
1726 2314 1935 2379 dyaboli
1970 2314 2023 2363 in
2058 2314 2155 2364 hoc
2194 2313 2400 2364 mundo.

395 2399 548 2450 Unde
588 2418 702 2450 cum
741 2399 936 2449 Cristus
975 2399 1099 2448 dicit
1133 2399 1244 2449 Ioh.
1288 2395 1399 2450 10²²:
1455 2400 1590 2466 quod
1635 2400 1797 2449 bonus
1842 2407 2016 2466 pastor
2053 2400 2143 2450 dat
2179 2401 2402 2450 animam

396 2503 540 2535 suam
577 2503 669 2551 pro
709 2485 886 2536 ovibus
926 2486 1041 2545 suis,
1081 2485 1407 2535 manifestum
1446 2493 1535 2546 est,
1576 2487 1709 2552 quod
1748 2486 1991 2552 prelatus,
2032 2487 2117 2552 qui
2141 2503 2234 2552 pro
2259 2504 2402 2536 mun-

397 2572 533 2621 dana
578 2573 706 2632 vita,
757 2589 909 2638 quam
963 2567 1158 2636 eligit⁷⁷
1214 2578 1389 2621 contra
1428 2570 1673 2632 Cristum,
1728 2572 1871 2637 ponit
1921 2571 2083 2622 multa
2118 2572 2260 2622 milia
2297 2573 2402 2623 ani-
2418 2583 2471 2623 25

753 2732 771 2756 9
801 2743 835 2767 v.
869 2732 891 2768 9
1009 2725 1028 2749 h
1059 2743 1092 2768 v.
1116 2733 1164 2768 11

513 2867 549 2892 ⁶⁰
578 2871 819 2911 cujusmodi
839 2873 1051 2911 ABODG
1109 2871 1231 2912 cuius
1246 2873 1301 2918 Ε,
1331 2873 1400 2912 but
1429 2872 1545 2912 modi
1573 2874 1610 2913 is
1638 2874 1735 2913 add.
1767 2874 1890 2912 above
1919 2874 1954 2913 it
1984 2873 2032 2926 by
2062 2869 2130 2913 E3
2246 2869 2281 2895 ⁶¹
2311 2873 2401 2914 fue·

396 2946 498 2982 runt
517 2943 641 2982 AO'E'
723 2943 885 2983 fuerint
906 2944 1038 2983 ΒΕΘ
1213 2940 1248 2964 ⁶2
1278 2944 1699 2984 contaminacionem
1722 2946 1932 2985 ΑΟΒΕΘι
2020 2944 2336 2986 contaminat-,io
2359 2945 2403 2984 B

399 3010 436 3035 ⁶³
466 3013 543 3054 secl
572 3014 671 3067 spir.
703 3027 766 3055 su,
799 3029 839 3055 v.
871 3028 964 3068 pur.
998 3015 1052 3055 al.
1073 3016 1194 3054 ODG
1267 3015 1344 3055 sed
1373 3029 1497 3070 purg.
1528 3016 1601 3056 vel
1630 3016 1729 3069 spir.
1763 3016 1879 3056 suffr.
1898 3018 1941 3055 B
1999 3015 2240 3057 secundum
2275 3029 2400 3070 purg.

398 3099 439 3125 v.
469 3098 531 3138 sp.
562 3099 625 3126 su.
643 3087 734 3125 ΑΕ
848 3082 884 3106 ⁶4
912 3085 1082 3139 pacifici
1097 3087 1309 3126 ΑΒΘΒΘι
1373 3087 1651 3140 pacificatiE
1765 3085 1800 3110 ⁶⁵
1831 3089 1880 3129 50
1903 3084 2198 3135 ABODGAE³
2225 3088 2269 3127 in
2295 3101 2401 3127 mar.

459 3157 534 3196 110
557 3158 603 3197 Ε
687 3155 722 3179 ⁶⁶
751 3161 852 3198 sunt
869 3158 990 3198 ODG
1046 3158 1133 3199 sint
1149 3161 1282 3199 ABE
1351 3156 1409 3180 ‘⁶⁷
1440 3160 1695 3199 aABODE
1749 3173 1825 3200 om.
1848 3160 1888 3199 G
1991 3155 2026 3181 ⁶⁶
2055 3159 2176 3200 curia
2189 3159 2402 3199 ABODG

456 3228 586 3282 culpa
606 3229 733 3280 (ud.)
754 3229 874 3269 curia
889 3231 934 3269 Ε
1019 3226 1054 3251 ⁶⁹
1073 3232 1117 3270 in
1137 3233 1179 3270 A
1194 3232 1230 3270 is
1246 3232 1344 3271 add.
1359 3232 1403 3271 in
1417 3245 1544 3271 maon.-
1565 3231 1681 3271 Nota
1695 3231 1808 3280 bene
1820 3227 1881 3270 A¹
1963 3227 1999 3252 ⁷⁰
2029 3230 2269 3285 adepcione
2281 3231 2402 3271 ODG

455 3299 694 3353 adopcione
711 3302 845 3341 ABE
949 3298 983 3322 ⁷¹
1013 3300 1149 3342 instar
1163 3303 1375 3343 ABCDG-
1433 3303 1616 3343 instrum
1630 3303 1685 3349 Ε,
1709 3302 1780 3342 but
1797 3303 1841 3341 in
1859 3316 1964 3343 mam.
1986 3306 2076 3343 star
2094 3304 2131 3342 is
2149 3303 2247 3342 add.
2268 3302 2317 3355 by
2333 3303 2378 3342 E
2383 3298 2402 3324 ³

400 3368 435 3392 ⁷2
464 3371 687 3412 vindicare
708 3369 995 3420 ACDEG‚B1
1015 3373 1059 3412 in
1078 3387 1182 3413 mar.
1242 3388 1318 3415 om.
1337 3375 1380 3413 B
1496 3371 1533 3396 ⁷3
1562 3373 1723 3414 donum
1741 3375 1774 3413 Ο
1829 3373 2052 3414 dominum
2067 3375 2158 3413 ΑΕ
2211 3372 2343 3414 deum
2359 3375 2402 3413 B

458 3443 694 3483 dominium
714 3445 804 3484 Da
949 3441 984 3466 ⁷4
1015 3457 1041 3484 a
1061 3445 1274 3486 ABCDG
1339 3459 1415 3486 om.
1437 3447 1483 3487 Ε
1624 3442 1661 3467 ⁷5
1690 3459 1790 3486 cum
1810 3447 1944 3485 ΑΒΕ
2027 3445 2131 3499 quia
2159 3458 2259 3486 cum
2280 3446 2402 3486 ODG

404 3511 440 3535 ⁷⁶
471 3526 497 3553 a
527 3513 663 3555 Cristo
682 3516 715 3554 Ο
770 3527 797 3555 a
827 3514 964 3556 Gristo
996 3520 1040 3557 et
1058 3518 1098 3557 G
1156 3517 1377 3558 anticristo
1393 3518 1573 3557 ABDE
1685 3515 1722 3539 ⁷⁷
1753 3517 1875 3572 eligit
1897 3518 2019 3557 ODE
2073 3516 2207 3571 elegit
2221 3518 2354 3558 ABG
