2528 4074
923 410 1228 453 GENERAL
1260 410 1480 451 INDEX.
2115 417 2146 464 8
2155 418 2180 464 1
2190 417 2219 464 9

158 560 291 602 Secta
312 559 443 601 Gristi
474 558 653 602 excellit
673 556 849 599 ordines
879 556 927 597 in
955 561 1142 611 patrono
1232 554 1365 596 Secta
1394 554 1580 596 fratrum
1595 567 1684 595 uno
1702 559 1877 596 tantum
1892 556 1988 599 loco
2005 558 2222 613 scriptura

218 618 372 674 regula
404 622 449 660 et
478 617 689 659 militibus
720 615 818 657 304.
1076 624 1078 627 ’
1291 611 1479 654 fundata
1510 613 1608 654 268.

160 701 214 706 -—
247 676 388 719 Cristi
406 676 552 717 minus
580 675 698 716 bona
728 677 774 715 et
803 672 923 714 utilis
954 673 1052 714 363.
1234 694 1288 701 —
1320 683 1413 712 una
1442 670 1590 712 omnia
1617 671 1880 726 temporalia
1901 672 2089 716 contulit
2109 675 2221 716 anti-

160 759 214 765 —
249 735 378 777 Cristi
409 735 465 776 ab
496 737 677 775 auctore
707 735 885 774 servata
916 732 985 773 99.
1292 729 1421 771 cristo
1453 729 1522 770 42.

163 818 211 823 —
249 793 379 835 Cristi
398 805 427 834 a
444 791 649 833 fidelibus
664 788 945 832 observanda
960 793 1028 831 est
1043 789 1142 831 212.
1234 809 1290 818 -
1320 786 1701 829 mendicacionem
1731 787 1972 830 introducit
2004 789 2102 831 187.

161 877 215 881 —
248 851 377 893 Cristi
413 850 461 891 in
502 849 711 905 apostolis
728 853 788 891 .et
817 848 1069 890 martiribus
1100 851 1145 890 et
1234 868 1289 875 —
1320 846 1507 887 fratrum
1537 845 1711 887 odibilis
1743 851 1809 888 est
1837 846 1929 902 leg-i
1960 846 2033 889 dei
2065 849 2160 890 181.

219 909 316 951 aliis
346 907 552 950 fidelibus
583 908 653 952 26.
1236 926 1290 934 -
1322 904 1508 946 fratrum
1554 904 1609 946 de
1649 904 1982 960 dampnacionis
2020 906 2216 961 periculo

160 991 218 998 —-
251 967 381 1009 Oristi
401 966 837 1022 compendiosissima
856 978 937 1021 per
956 978 1004 1008 se
1025 963 1145 1007 suffi-
1293 967 1502 1018 suspecta
1534 963 1632 1005 180.

220 1026 341 1067 ciens
372 1026 472 1068 229.
1236 1045 1290 1051 —
1323 1021 1641 1063 monachorum
1661 1021 1707 1062 in
1728 1021 1893 1078 Anglia
1914 1036 2125 1080 magnam
2148 1023 2221 1066 do-

155 1108 215 1114 -
262 1083 393 1126 Cristi
446 1084 561 1125 foret
605 1081 942 1139 diligentissime
988 1094 1146 1137 expur-
1294 1081 1592 1122 minacionem
1622 1080 1757 1123 habet
1787 1082 1886 1124 244.

220 1142 371 1199 ganda
401 1143 500 1185 273.
1236 1162 1290 1168 —-
1322 1151 1435 1194 pura
1468 1141 1537 1183 99.

157 1224 215 1232 -
247 1200 377 1243 Gristi
407 1201 574 1256 optima
603 1204 725 1242 secta
752 1199 974 1255 possibilis
1005 1199 1103 1242 657.
1236 1220 1290 1227 —-
1322 1210 1415 1239 una
1445 1197 1620 1239 excedit
1649 1198 1783 1240 aliam
1815 1200 1883 1241 58.

160 1284 214 1290 —
239 1259 369 1301 Cristi
388 1259 568 1314 quando
589 1258 777 1314 simplex
796 1258 1024 1300 crescebat
1045 1258 1143 1300 657.
1237 1279 1290 1285 —
1322 1257 1456 1298 unica
1487 1256 1618 1298 Oristi
1649 1257 1747 1299 662.

157 1342 215 1349 --
247 1318 456 1360 cristiana
484 1318 597 1360 levis
627 1321 695 1360 est
724 1318 793 1359 31.
1237 1338 1290 1344 —
1322 1314 1452 1370 fingit
1480 1314 1781 1371 Augustinum
1810 1321 2047 1371 patronum
2077 1317 2175 1368 279.

0 1379 15 1429 ζ
158 1401 215 1407 -
238 1377 447 1419 cristiana
467 1377 634 1432 optima
655 1380 700 1418 et
719 1374 1055 1432 generalissima
1075 1375 1144 1417 22.
1237 1396 1291 1403 —
1322 1373 1539 1428 populum
1569 1373 1787 1415 seducens
1819 1375 1917 1417 310.

0 1439 15 1489 ζ
162 1459 218 1466 -
250 1435 460 1477 cristiana
505 1435 639 1478 debet
681 1433 909 1476 includere
947 1433 1146 1490 singulos
1236 1455 1291 1462 —
1324 1431 1455 1474 Gristi
1485 1431 1649 1474 discors
1682 1432 1920 1475 diminucio
1953 1435 2021 1476 22.

0 1494 20 1548 ξ.
93 1495 96 1499 ’
216 1495 410 1537 viatores
440 1495 510 1536 21.
1233 1491 1280 1532 in
1301 1490 1435 1533 Secta
1457 1489 1587 1532 Cristi
1606 1491 1784 1546 plurimi
1799 1497 1903 1534 sunt
1922 1490 2099 1548 presciti
2123 1493 2221 1535 273.

0 1549 13 1609 ξ
161 1577 218 1583 -
250 1553 459 1595 cristiana
489 1552 686 1594 manebit
713 1555 929 1607 perpetue
961 1551 1060 1593 299.
1235 1549 1365 1591 Secte
1397 1562 1424 1591 a
1455 1548 1596 1591 Cristo
1626 1563 1717 1592 non
1755 1555 1858 1592 sunt
1887 1551 2089 1594 institute
2121 1553 2220 1595 229.

0 1609 37 1646 γ’
59 1636 73 1641 ν
162 1635 214 1642 --
247 1612 391 1667 prima
419 1615 624 1653 remanet
652 1611 724 1652 fur
753 1615 799 1652 et
826 1610 940 1651 latro
973 1610 1070 1652 176.
1236 1632 1292 1639 —
1324 1607 1454 1650 Gristi
1498 1622 1638 1650 novas
1683 1608 1850 1652 addere
1889 1614 2034 1652 sectas
2073 1624 2222 1666 super-

0 1650 49 1747 ἶ
162 1695 216 1700 -
274 1671 417 1725 prima
475 1674 542 1712 est
598 1669 969 1727 propinquissima
1026 1672 1146 1710 secte
1293 1667 1391 1708 fluit
1423 1668 1521 1709 229.

4 1728 18 1774 ὲ
222 1728 351 1770 cristi
381 1729 480 1771 273.
1237 1749 1290 1756 —
1323 1730 1515 1781 quatuor
1557 1726 1790 1768 variantur
1826 1727 1873 1767 in
1909 1727 2047 1783 signis
2087 1728 2223 1770 sensi-

0 1779 20 1834 !
153 1809 217 1817 —
249 1787 447 1829 secunda
477 1791 523 1829 et
551 1786 691 1829 tercia
720 1786 910 1828 multum
939 1786 1147 1828 conveni·
1294 1785 1457 1827 bilibus
1489 1785 1558 1826 26.

0 1843 13 1866 ³·
171 1847 177 1854 '
218 1850 301 1887 unt
331 1846 428 1888 135.
1237 1866 1293 1876 --
1324 1847 1516 1898 quatuor
1545 1843 1592 1883 in
1622 1848 1749 1899 parte
1780 1844 2054 1886 conveniunt
2087 1846 2184 1890 140.

0 1920 26 1950 1v
162 1928 217 1935 --
248 1904 446 1947 secunda
476 1903 708 1960 profitetur
737 1903 1033 1946 Benedictum
1068 1917 1146 1959 pro
1236 1925 1291 1932 --
1323 1906 1526 1957 quatuor,
1558 1915 1646 1957 quo
1667 1902 1960 1946 fundamento
1976 1903 2081 1946 fidei
2102 1910 2221 1946 secte

220 1967 406 2019 patrono
437 1964 537 2006 274.
1271 1961 1565 2003 ·Machometi
1594 1962 1859 2016 preferende
1891 1963 1962 2004 31.

162 2045 217 2051 -
248 2021 447 2064 secunda
462 2021 555 2064 odit
569 2020 703 2064 deum
719 2025 764 2063 et
782 2021 1031 2076 proximum
1049 2022 1145 2064 131.
1236 2042 1291 2049 —
1324 2024 1516 2075 quatuor
1544 2025 1648 2061 sunt
1677 2025 1854 2063 terrene
1887 2022 1985 2063 395.

159 2104 219 2111 —
265 2085 425 2136 quarta
469 2080 720 2136 specialiter
758 2080 1063 2135 prevaricatur
1099 2080 1147 2122 in
1235 2101 1290 2108 —-
1322 2083 1514 2134 quatuor
1541 2078 1698 2121 sedent
1717 2093 1851 2135 super
1871 2085 2062 2136 quatuor
2083 2093 2222 2137 angu-

220 2153 387 2182 novum
417 2143 463 2181 et
493 2139 715 2181 decimum
734 2138 994 2181 mandatum
1018 2139 1115 2181 142.
1291 2137 1356 2180 los
1386 2142 1503 2179 terre
1535 2138 1632 2180 395.

155 2221 214 2228 —
247 2203 406 2253 quarta
435 2198 622 2240 fratrum
649 2211 750 2240 cum
770 2198 948 2240 cautela
967 2197 1147 2252 dyaboli
1235 2218 1285 2226 —
1311 2200 1502 2252 quatuor
1520 2197 1751 2239 variantur
1771 2209 1798 2239 a
1817 2194 1949 2239 ²secta
1971 2197 2101 2240 Cristi
2122 2199 2220 2241 657.

218 2257 469 2299 introducta
503 2258 598 2299 181.
1232 2260 1489 2310 —quatuor
1505 2256 2220 2313 anominacionevocaliexempte

152 2339 218 2345 —
247 2320 407 2371 quarta
442 2316 604 2357 multos
641 2329 721 2371 per
748 2315 985 2371 ypocrisim
1015 2314 1143 2358 sedu-
1291 2315 1390 2357 710.

0 2357 16 2459 ἒ
219 2375 278 2416 cit
309 2375 408 2417 252.
1232 2390 1287 2403 -·-
1320 2377 1512 2428 quatuor
1541 2378 1644 2415 sunt
1658 2374 1866 2416 ..latrones
1898 2375 1996 2416 394.

155 2455 215 2462 ‡—-
247 2437 406 2488 quarta
434 2432 666 2475 habundat
694 2433 741 2474 in
770 2433 962 2488 ypocrisi
992 2435 1091 2476 252.
1233 2455 1287 2462 —
1311 2436 1502 2487 quatuor
1520 2437 1624 2474 sunt
1644 2445 1812 2489 organa
1832 2433 2019 2475 sathane
2041 2432 2099 2474 ad
2119 2433 2219 2475 sim-

0 2462 26 2586 }
161 2515 215 2521 —
247 2496 406 2547 quarta
435 2497 503 2534 est
530 2504 611 2547 per
630 2491 872 2546 dyabolum
890 2492 1144 2535 introducta
1290 2491 1428 2546 plices
1460 2490 1507 2531 in
1538 2491 1728 2533 ecclesia
1758 2491 2065 2533 seducendum
2097 2494 2195 2534 394.

219 2551 319 2592 252.
916 2545 924 2557 '
1232 2573 1287 2580 —-
1320 2554 1511 2605 quatuor
1540 2550 1587 2591 in
1609 2563 1755 2593 errore
1775 2550 2100 2606 nigromantico
2121 2551 2220 2593 fun-

157 2632 216 2638 -
254 2609 429 2664 privata
466 2620 653 2650 onerosa
691 2609 877 2651 ecclesie
916 2613 962 2651 et
998 2610 1144 2651 multi·
1292 2608 1395 2650 date
1428 2609 1526 2650 704.

218 2667 393 2722 pliciter
423 2666 647 2709 defectiva
677 2668 775 2710 302.
1235 2690 1287 2696 —
1311 2671 1502 2722 quatuor
1521 2681 1612 2709 non
1632 2672 1736 2709 sunt
1756 2667 1927 2723 species
1948 2668 2030 2709 sub
2053 2681 2219 2724 genere

157 2749 216 2756 -—
246 2726 502 2768 saracenica
530 2738 671 2781 quare
700 2738 728 2767 a
755 2726 1046 2768 cristianismo
1074 2739 1144 2769 ce·
1291 2730 1411 2768 secte
1444 2725 1574 2768 Gristi
1605 2727 1703 2769 657.

20 2823 21 2827 ,
218 2784 325 2827 cidit
355 2785 454 2827 672.
1230 2808 1284 2814 —-
1321 2783 1524 2839 quatuor*
1543 2789 1863 2827 enumerantur
1893 2786 1992 2827 242.

3 2872 19 2891 -,
162 2865 216 2872 —
246 2843 473 2885 Minorum
503 2842 680 2885 excedit
707 2843 924 2898 reliquam
955 2844 1024 2886 58.
1233 2866 1287 2873 —
1303 2848 1496 2898 quatuor
1509 2858 1600 2886 non
1621 2843 1830 2886 differunt
1850 2857 1877 2885 a
1893 2843 2106 2886 mendicis
2123 2843 2221 2885 aliis

0 2945 18 2956 ,ἱ
157 2925 215 2932 --
247 2902 284 2944 si
326 2902 445 2944 bona
489 2906 607 2944 esset
642 2901 842 2944 ordinem
886 2902 1142 2945 cristianum
1292 2903 1389 2945 195.

0 2881 22 3034 ἒ
218 2965 400 3016 caperet
429 2960 499 3003 62.
1232 2983 1289 2991 --
1320 2964 1512 3016 quatuor
1549 2974 1606 3003 ex
1635 2961 1868 3003 mendacio
1900 2961 2086 3003 fundate
2121 2962 2218 3004 196.

0 3018 21 3075 ἑ,
156 3042 216 3048 ---
246 3018 517 3061 Machometi
556 3017 668 3061 vivit
703 3018 909 3074 penalius
954 3024 1146 3074 quatuor
1236 3043 1284 3050 -
1311 3024 1502 3075 quatuor
1522 3020 1859 3075 prevaricantur
1878 3020 1925 3061 in
1939 3020 2080 3075 primo
2097 3033 2220 3061 man-

218 3078 348 3120 sectis
379 3078 448 3121 30.
1291 3078 1396 3120 dato
1430 3078 1633 3134 decalogi
1666 3079 1762 3121 127.

2 3143 17 3188 ἢ
163 3160 213 3166 —-
226 3136 498 3179 Machometi
510 3135 699 3178 includit
713 3140 759 3178 et
773 3136 990 3192 approbat
1005 3137 1146 3179 multa
1234 3160 1287 3167 —
1310 3141 1501 3193 quatuor
1519 3151 1628 3179 num
1649 3138 1828 3180 omnino
1847 3137 2098 3179 laudabiles
2121 3137 2219 3180 174.

2 3160 18 3246 b
221 3194 340 3237 dicta
368 3195 627 3237 testamenti
656 3196 727 3237 25.
1235 3219 1289 3226 -—
1322 3199 1513 3251 quatuor
1541 3210 1633 3238 non
1663 3209 1691 3238 a
1721 3195 1805 3239 deo
1838 3196 2082 3238 fulciuntur
2114 3197 2210 3238 174.

2 3247 20 3284 ᾗ
159 3276 217 3283 -
255 3253 474 3296 instanter
517 3253 695 3310 pulsare
739 3253 851 3296 alias
895 3253 1049 3307 debet,
1095 3259 1146 3297 ut
1234 3278 1288 3284 —
1322 3259 1513 3310 quatuor
1541 3259 1644 3297 sunt
1671 3255 1856 3297 heretici
1875 3255 2100 3297 manifesti
2120 3256 2218 3297 398.

4 3290 25 3362 ¹3³
219 3312 388 3354 intrent
416 3311 504 3354 alie
534 3312 582 3353 in
612 3325 743 3354 suum
776 3311 976 3355 ordinem
1007 3313 1076 3356 59.
1234 3317 1491 3368 —quatuor
1505 3319 1674 3370 negant
1690 3314 2082 3357 conversacionem
2091 3313 2222 3356 Cristi

11 3386 14 3390 ⁴
160 3393 218 3400 —-
249 3370 392 3412 libera
421 3371 526 3412 Iesu
555 3369 685 3413 Cristi
715 3371 785 3414 25.
1295 3373 1393 3414 398.

164 3452 218 3458 —
251 3428 471 3484 quomodo
501 3429 613 3471 false
643 3429 779 3471 deum
809 3429 914 3472 colit
943 3428 1042 3474 335.
1236 3455 1290 3460 —
1322 3431 1496 3486 private
1536 3430 1849 3486 delinquentes
1887 3435 2041 3473 contra
2069 3431 2220 3487 legem

163 3511 218 3519 --
248 3487 506 3529 humanitus
526 3487 711 3531 inventa
731 3487 1027 3532 eradicabitur
1046 3490 1146 3532 437.
1295 3489 1463 3531 domini
1498 3490 1593 3532 137.

160 3551 233 3576 -’
249 3545 551 3602 Hospitalium
580 3559 662 3602 per
679 3547 819 3590 verba
840 3548 1038 3603 apocrifa
1058 3562 1147 3591 non
1239 3572 1292 3577 —
1323 3548 1433 3603 priv.
1466 3548 1718 3591 redundant
1756 3548 1813 3590 ad
1845 3547 2090 3604 dampnum
2120 3547 2220 3590 reli·

220 3604 500 3648 iustificanda
531 3605 628 3647 271.
1297 3607 1441 3663 gionis
1473 3608 1572 3649 476.

1766 3665 1852 3709 52*
