2528 4074
862 400 1164 440 GENERAL
1196 401 1417 441 INDEX.

117 547 248 592 Bulle
277 546 452 600 putride
482 558 700 600 paparum
729 545 828 585 459.

117 628 169 637 ——
221 604 402 659 papales
452 604 508 646 de
556 602 698 658 privio
743 602 854 657 egiis
899 606 944 644 et
986 601 1099 644 fictis

174 662 391 717 suffragiis
424 663 521 704 615.

33 718 68 770 τ’
118 734 222 763 -as
252 721 443 762 scribere
475 721 574 761 350.

11 779 44 830 ,μ
114 780 366 835 Burgenses
386 778 604 820 cantarias
620 777 781 819 multas
797 775 1099 818 fundaverunt

174 839 271 880 269.

570 961 627 1009 0.

4 1054 28 1072 γ’
115 1069 316 1112 Cadaver
337 1073 559 1110 mortuum
581 1069 688 1110 fecit
703 1044 965 1111 miraculum
996 1071 1094 1112 250.

3 1157 8 1165 .
53 1131 67 1166 Γ
117 1128 287 1172 Callida
317 1127 489 1182 empcio
514 1127 680 1169 domini
699 1129 911 1170 secularis
930 1142 1011 1184 per
1030 1143 1095 1170 or-

173 1187 297 1228 dines
328 1188 398 1228 33.

0 1236 3 1243 ’
53 1239 68 1291 {³'
115 1245 391 1291 Calliditates
421 1245 610 1286 fratrum
638 1245 709 1287 44.

113 1303 378 1358 calumpnia
410 1303 524 1344 falsa
555 1305 624 1345 78.

115 1362 345 1405 Gamelum
376 1362 636 1417 degluciunt
664 1363 870 1404 monachi
901 1363 998 1405 132.

115 1421 312 1464 Candela
341 1421 416 1462 vel
445 1421 524 1462 lux
553 1420 735 1463 lucerne
766 1421 901 1463 debet
931 1435 1026 1464 esse
1046 1421 1095 1463 fi-

169 1480 247 1521 des
277 1479 466 1521 ecclesie
497 1481 596 1522 399.

93 1537 259 1580 ·Canes
288 1552 367 1592 pro
399 1551 496 1579 osse
526 1538 722 1580 rixantes
753 1540 850 1580 591.

67 1595 69 1598 ⁴
114 1620 168 1629 -
199 1597 436 1638 extrinseci
465 1609 647 1638 romane
677 1597 798 1639 curie
820 1597 877 1639 ad
904 1598 1095 1652 spolian-

63 1654 66 1655 ’
169 1655 275 1696 (111111
304 1668 524 1710 pauperes
553 1655 682 1711 regni
699 1656 862 1712 Anglie
889 1661 993 1698 sunt
1013 1657 1095 1698 801-

61 1741 70 1750 ..
165 1714 409 1757 110111421.

66 1796 69 1799 ⁴
112 1772 317 1814 Canones
349 1773 579 1827 apostolici
609 1774 707 1828 248.

112 1830 361 1875 Ganonjcus
390 1831 609 1887 regularis
640 1832 738 1887 quis
769 1833 867 1875 248.

113 1913 168 1920 —
198 1890 416 1945 regularis
456 1894 502 1932 et
539 1890 781 1932 monachus
818 1891 1094 1947 Augustinus

151 1949 254 1990 -fuit
283 1949 368 1990 247
372 1981 382 1990 .

113 2007 227 2049 -101
258 2008 356 2049 101.

112 2089 168 2096 -
196 2066 504 2121 impetrarunt,
520 2066 722 2108 habitum
750 2072 796 2109 et
823 2068 1017 2110 claustra
1037 2082 1094 2110 ex

168 2125 399 2166 mendacio
431 2126 530 2167 351.

110 2207 166 2214 —
197 2184 388 2238 oppositi
416 2184 597 2226 veritati
627 2185 725 2226 247.

111 2266 166 2273 —
197 2247 243 2284 et
270 2242 433 2297 prelati
462 2243 628 2284 debent
656 2243 810 2285 vivere
848 2245 1094 2287 secundum

63 2302 66 2305 ”
166 2301 370 2368 regulam
402 2301 532 2343 Cristi
561 2302 660 2344 247.

110 2383 165 2390 —
196 2359 473 2415 originantur
503 2374 559 2402 ex
589 2361 822 2403 mendaico
854 2362 952 2404 247.

65 2431 71 2436 ·
110 2441 165 2448 -
195 2419 355 2460 timent
382 2419 650 2462 benefacere
681 2421 780 2462 248.

59 2502 61 2505 -
111 2500 166 2507 ——
197 2477 395 2533 elongati
425 2491 453 2519 a
482 2478 689 2520 libertate
721 2478 852 2520 Cristi
884 2480 984 2523 136.

125 2559 166 2565 -
195 2537 354 2578 remoti
384 2550 412 2577 a
439 2537 544 2593 lege
575 2537 742 2579 domini
774 2539 871 2580 135.

111 2617 166 2624 -
199 2595 476 2637 0011111111111111
505 2596 673 2638 factum
708 2597 756 2638 in
787 2596 917 2638 Cristi
954 2598 1094 2640 eccle-

167 2653 277 2695 siam
309 2655 407 2696 136.

113 2735 167 2742 -
198 2713 436 2768 propinqui
465 2717 586 2754 secte
617 2713 798 2766 dyaboli
829 2716 926 2757 135.

111 2793 168 2801 —
200 2771 426 2826 quondam
457 2776 585 2813 erant
603 2771 832 2814 liberiores
853 2778 899 2815 et
917 2774 1094 2829 propin-

167 2830 343 2885 quiores
375 2829 515 2872 Cristo
548 2832 645 2872 135.

54 2896 58 2899 ’
109 2902 319 2930 —corum
342 2889 448 2930 ordo
468 2889 588 2930 idem
609 2903 711 2930 cum
729 2890 893 2932 sanctis
908 2891 955 2932 in
970 2892 1092 2933 Ieru—

168 2947 308 2988 salem
338 2948 556 2990 454—55.

109 3028 164 3035 —
194 3005 319 3047 ficcio
350 3006 407 3048 de
437 3006 687 3074 Augustino
717 3007 953 3049 fundatore
993 3010 1090 3051 247.

109 3085 163 3094 —
194 3064 371 3106 habitus
401 3069 447 3107 et
490 3065 600 3107 ritus
644 3066 820 3108 noviter
863 3067 1108 3110 adinventi,

110 3202 166 3211 —
199 3155 409 3224 fundator
437 3182 715 3238 Augustinus
746 3184 850 3237 2473
885 3185 981 3227 173.

109 3261 164 3268 —
195 3241 470 3295 prevariacio
509 3246 664 3283 contra
692 3242 954 3284 mandatum
992 3244 1092 3288 137.

110 3297 165 3339 de
196 3299 317 3341 —cis
347 3299 496 3355 agitur
526 3301 625 3343 247.

111 3355 403 3400 Canonizacio
432 3359 605 3413 papalis
635 3361 704 3402 35.

109 3437 164 3444 —
184 3420 469 3470 patronorum
488 3417 599 3472 priv.
615 3418 663 3459 in
679 3418 868 3460 ecclesia
882 3419 1088 3475 triumph.

111 3533 315 3575 -ciones
358 3547 450 3576 non
487 3538 591 3575 sunt
627 3539 678 3576 ut
714 3534 824 3577 fides
855 3541 1087 3592 acceptan-

165 3590 221 3634 de
257 3593 356 3635 534.

2069 412 2168 459 731

1190 543 1552 585 Canonizacionis
1584 547 1754 600 empcio
1787 549 1883 590 534.

1189 601 1448 643 Canonizati
1478 603 1607 644 aliter
1626 605 1835 646 vixerunt
1861 620 1995 660 quam
2015 609 2171 651 fratres

1188 717 1432 759 Canonizat
1459 731 1579 773 papa
1607 725 1816 774 patronos
1849 723 1944 764 177.

1188 775 1481 818 Cantaciones
1505 782 1550 818 et
1569 778 1679 820 ritus
1701 780 1778 820 alii
1806 780 1995 822 ordinati
2025 782 2072 823 in
2103 797 2171 825 00-

1244 835 1381 876 010813
1411 837 1510 877 345.

1187 893 1394 935 Cantarie
1425 894 1472 935 in
1501 894 1668 950 Anglia
1699 901 1874 938 cessant
1905 899 2002 940 269.

1188 965 1292 993 —as
1342 953 1504 994 multas
1568 954 1812 1009 burgenses
1871 956 2173 1000 fundaverunt

1186 1082 1369 1110 —arum
1422 1070 1679 1112 fundatores
1728 1072 1776 1113 in
1820 1073 1907 1115 fide
1961 1074 2172 1117 deficiunt

1185 1186 1352 1228 Cantus
1383 1187 1499 1228 altus
1530 1189 1628 1230 345.

1186 1269 1240 1273 —
1273 1250 1318 1287 et
1349 1246 1564 1287 oracionis
1597 1247 1790 1289 dimissio
1823 1250 1920 1291 345.

1185 1326 1240 1332 -
1274 1304 1352 1344 3111
1384 1304 1612 1347 dissonant
1643 1307 1741 1348 345.

1186 1361 1418 1417 Capacitas
1450 1363 1638 1405 hominis
1677 1365 1734 1405 ad
1764 1366 1856 1407 vite
1887 1367 2066 1422 regulas
2096 1368 2171 1410 ob-

1242 1421 1512 1462 servandum
1545 1424 1641 1464 142.

1185 1502 1237 1508 -
1270 1479 1458 1521 hominis
1483 1494 1539 1522 ex
1560 1481 1646 1523 fide
1676 1483 1889 1538 scripture
1911 1485 2172 1539 occupanda

1184 1620 1240 1626 —-
1272 1597 1559 1639 observancie
1589 1598 1784 1641 humane
1817 1601 1913 1643 142.

1187 1660 1378 1697 —tatem
1401 1656 1628 1698 hominum
1650 1662 1695 1699 et
1714 1658 1965 1701 libertatem
1986 1674 2038 1702 ac
2059 1661 2170 1703 ordi-

1242 1715 1476 1756 nacionem
1509 1715 1638 1757 Oristi
1666 1717 1839 1771 private
1870 1719 2171 1775 obligaciones

1242 1774 1450 1814 minuunt
1481 1775 1581 1816 284.

1185 1831 1410 1886 0311113108
1441 1833 1647 1875 ordinum
1668 1835 1906 1877 observant
1926 1837 2054 1893 signa
2073 1852 2169 1880 sen-

1242 1891 1387 1932 sibilia
1419 1893 1517 1933 300.

1183 1948 1454 2004 Capitaneus
1486 1951 1558 1992 dei
1589 1956 1656 1992 est
1677 1951 1842 1994 Cristus
1873 1955 1971 1995 323.

1184 2009 1316 2050 -1101
1346 2009 1533 2050 fratrum
1562 2011 1781 2052 notabiles
1801 2018 2059 2066 peccatores
2099 2015 2168 2057 39.

1184 2090 1239 2095 ——
1270 2072 1492 2109 sectarum
1523 2069 1710 2111 ecclesie
1740 2071 1887 2112 nocivi
1918 2073 2016 2114 300.

1183 2149 1238 2154 -
1271 2126 1476 2167 ordinum
1491 2127 1750 2170 fundatores
1766 2135 1869 2171 sunt
1884 2131 2040 2186 regule
2057 2146 2172 2173 com-

1240 2185 1454 2239 pendiose
1486 2188 1584 2228 301.

1184 2266 1238 2272 -
1272 2243 1476 2285 ordinum
1507 2244 1775 2287 difficultant
1803 2260 1904 2289 suos
1926 2248 2075 2304 alege
2097 2248 2171 2291 do-

1240 2303 1349 2343 mini
1380 2304 1478 2345 301.

1182 2384 1240 2390 —
1272 2362 1476 2403 ordinum
1518 2363 1731 2405 affectant
1766 2364 1956 2406 honores
1986 2366 2171 2408 munda-

1246 2434 1327 2462 nos
1360 2423 1458 2463 301.

1183 2502 1236 2510 —
1271 2484 1316 2520 et
1346 2481 1523 2534 patroni
1554 2485 1775 2521 sectarum
1806 2482 1905 2524 300.

1182 2537 1240 2578 ad
1263 2537 1518 2593 Captandas
1552 2539 1692 2580 famas
1723 2540 2065 2583 sollicitudinem
2095 2542 2170 2584 ha-

1239 2597 1348 2638 bent
1378 2602 1498 2639 secte
1532 2598 1600 2639 57.

1184 2654 1369 2710 Captive
1387 2656 1610 2698 ducuntur
1625 2657 1885 2699 muliercule
1901 2671 1929 2699 a
1944 2660 2075 2701 sectis
2096 2662 2165 2702 44.

1184 2714 1379 2769 Capucia
1408 2715 1501 2756 lata
1531 2720 1753 2757 sectarum
1783 2717 1853 2758 28.

1183 2796 1234 2808 »-
1270 2774 1499 2815 continent
1528 2774 1669 2816 multa
1698 2775 1933 2817 mendacia
1964 2778 2033 2819 28.

1183 2831 1447 2887 Gapuciacio
1480 2834 1578 2875 120.

1183 2890 1328 2946 Caput
1358 2892 1545 2934 ecclesie
1576 2906 1667 2933 non
1696 2905 1814 2947 papa
1845 2895 1927 2950 643
1957 2895 2060 2939 463.

1183 2972 1237 2978 -
1272 2951 1460 2992 ecclesie
1493 2951 1660 2992 Cristus
1693 2953 1790 2993 100.

1183 3033 1236 3038 —
1271 3010 1459 3051 ecclesie
1491 3010 1710 3051 sensibilis
1742 3010 1908 3051 Cristus
1941 3013 2039 3053 663.

1182 3092 1237 3097 -
1269 3068 1458 3110 ecclesie
1487 3069 1799 3123 triumphantis
1828 3082 1948 3124 papa
1978 3072 2076 3112 664.

1180 3149 1237 3156 -
1270 3127 1457 3168 ecclesie
1488 3128 1648 3169 Petrus
1678 3142 1769 3169 non
1801 3133 1868 3169 est
1898 3130 1996 3171 663.

1183 3208 1233 3215 -—
1269 3186 1484 3227 anticristi
1514 3186 1704 3228 divisum
1736 3188 1833 3229 604.

1180 3244 1332 3299 —pita
1361 3245 1548 3286 ecclesie
1579 3259 1670 3286 non
1700 3250 1803 3286 sunt
1831 3250 1951 3287 secte
1983 3248 2053 3290 64.

1181 3302 1389 3344 Carceres
1420 3316 1447 3344 a
1476 3304 1748 3359 principibus
1778 3305 1975 3346 concessi
2006 3306 2165 3347 ordini-

1238 3362 1321 3403 bus
1352 3363 1451 3404 285.

1179 3419 1394 3462 Carencie
1425 3421 1621 3463 caritatis
1650 3421 1846 3464 irrisores
1877 3422 1951 3464 dei
1980 3437 2027 3464 se
2059 3423 2164 3465 obli-

1236 3484 1345 3535 gant
1376 3481 1474 3521 335.

1179 3550 1309 3579 -3111
1339 3538 1558 3580 commodi
1578 3539 1834 3593 temporalis
1866 3539 2041 3582 ordines
2072 3553 2163 3582 ma-

1234 3597 1352 3639 xime
1382 3597 1542 3638 timent
1571 3597 1670 3639 226.
