2528 4074
881 358 1189 399 GENERAL
1218 359 1440 399 INDEX.

28 535 34 540 -
128 502 362 546 Puniende
392 507 496 545 sunt
523 508 644 546 secte
677 504 774 545 183.

40 560 45 563 “
132 562 341 603 —niendi
384 567 488 605 sunt
532 563 589 604 ab
628 560 878 604 hominibus
917 559 1114 602 irrisores

190 621 263 663 dei
298 621 397 663 335.
1085 628 1093 638 ”

129 680 250 721 Pura
278 683 406 721 secta
431 680 500 720 99.

130 750 236 780 —re
283 736 515 779 intendere
563 734 712 791 legem
755 734 887 777 Oristi
934 734 1114 778 fidelem

189 809 326 852 grave
357 798 424 836 est
453 794 552 836 263.

129 878 184 885 —
216 858 320 896 sunt
348 852 404 894 de
433 856 557 894 secta
588 851 718 894 011611
745 852 830 905 1111,
863 852 941 908 qui
969 857 1113 908 patro-

186 926 294 954 num
322 924 452 952 suum
490 911 769 967 etregulam
796 910 989 954 fideliter
1016 926 1114 967 pro-

185 970 367 1013 fitentur
396 970 496 1011 273.

126 1028 347 1085 Purgacio
377 1032 499 1070 secte
527 1027 670 1083 prime
700 1030 799 1072 269.

2 1077 37 1132 ’.
127 1111 182 1117 -
213 1091 437 1129 sectarum
474 1087 570 1129 195.

127 1169 182 1176 —-—
214 1150 436 1188 sectarum
466 1145 523 1187 (16
553 1145 735 1188 6111111116
764 1146 990 1202 implicato
1023 1148 1092 1190 78.

131 1228 180 1235 —
217 1204 405 1246 ecclesie
437 1205 506 1246 92.

15 1233 39 1314 ἒ
128 1286 182 1292 -
214 1276 242 1304 6
271 1262 455 1305 6111111116
487 1264 557 1305 78.

127 1345 182 1352 -
213 1321 527 1364 conventicule
558 1321 774 1364 anticristi
805 1322 902 1365 197.

125 1380 394 1481 Pufggndus
424 1385 492 1422 est
521 1381 753 1423 cristianus
781 1381 829 1421 in
858 1381 1114 1437 purgatorio

103 1486 378 1553 *Purgatorii
406 1498 543 1551 locus,
575 1498 802 1553 quantitas
820 1497 896 1540 vel
923 1497 1114 1553 qualitas

186 1558 284 1598 148.

67 1626 80 1631 ”
127 1615 346 1657 -161111111
376 1615 640 1657 describitur
672 1615 769 1659 146.

126 1697 181 1704 --
214 1673 257 1716 S.
288 1674 472 1715 Patricii
505 1674 602 1717 148.

124 1732 171 1774 in
187 1733 356 1774 —torio
372 1733 520 1775 anime
535 1737 635 1788 post
647 1732 862 1776 salvande
878 1733 1116 1789 quiescunt

184 1791 241 1833 ad
269 1795 447 1847 tempus
484 1792 582 1834 146.

123 1850 172 1891 in
203 1873 257 1880 -—
288 1850 521 1892 cristianus
550 1850 813 1906 purgandus
850 1851 949 1893 125.

127 1908 183 1951 de
222 1931 277 1938 —
315 1909 455 1951 verba
491 1914 595 1952 sunt
631 1910 728 1951 sine
765 1908 1036 1952 fundacione
1067 1909 1114 1950 in

182 1968 401 2023 scriptura
432 1969 529 2010 146.

124 2026 301 2069 Puritas
337 2026 452 2083 legis
489 2026 620 2069 Gristi
657 2026 877 2070 deseritur
911 2040 941 2070 a
983 2027 1115 2069 sectis

125 2149 322 2186 —tatem
351 2148 474 2186 secte
506 2142 638 2186 Cristi
665 2149 879 2201 appetere
912 2145 1009 2188 144.

123 2226 178 2232 -
210 2203 323 2259 legis
354 2202 485 2245 011611
513 2207 726 2258 appetere
759 2203 856 2246 144.

121 2262 356 2317 Purpurea
384 2261 522 2303 vestis
553 2262 683 2304 Cristi
713 2263 783 2305 27.

122 2321 383 2363 Putativum
412 2321 676 2375 obsequium
702 2325 925 2363 sectarum
957 2321 1054 2364 141.

22 2367 33 2387 '²
121 2379 484 2422 Putrefaeciones
513 2379 704 2422 hominis
733 2381 833 2423 352.

118 2437 307 2480 Putride
337 2442 458 2481 secte
490 2439 559 2480 32.

591 2596 647 2655 Q.

121 2730 431 2788 Quadraginta
459 2731 583 2774 milia
610 2732 823 2774 librarum
843 2732 1011 2774 habent
1029 2733 1113 2775 fra-

178 2795 270 2832 tres
299 2791 532 2833 annuatim
562 2790 619 2833 de
648 2791 816 2847 Anglia
845 2792 914 2834 28.

121 2848 325 2901 Qualitas
357 2854 403 2892 et
432 2850 659 2906 quantitas
678 2851 946 2893 ,oracionum
976 2851 1076 2893 345.

122 2931 176 2938 -
208 2909 456 2965 purgatorii
488 2910 586 2952 148.

121 2991 175 2996 —
207 2967 304 3009 sine
334 2967 533 3010 subiecto
565 2969 664 3010 398.

121 3049 176 3055 —-
207 3025 404 3081 prudens
441 3026 660 3069 iustorum
695 3039 881 3082 operum
910 3031 1112 3069 moveret

180 3084 238 3125 ad
266 3085 492 3127 hominem
521 3085 829 3128 honorandum
862 3085 959 3128 172.

122 3142 359 3194 Quantitas
389 3148 435 3186 et
465 3144 658 3199 qualitas
690 3144 943 3186 oracionem
973 3145 1072 3186 345.

120 3226 178 3233 —
207 3215 299 3244 non
329 3207 398 3244 661
427 3202 483 3244 (16
514 3216 680 3259 genere
711 3203 959 3245 activorum
989 3203 1089 3246 261.

125 3282 177 3291 ·—
211 3261 400 3303 discreta
425 3261 693 3317 principium
712 3261 988 3304 arithmetice
1010 3263 1109 3304 659.

122 3343 172 3348 -
209 3319 422 3361 continua
449 3321 715 3376 principium
744 3320 987 3376 geometrie
1009 3322 1107 3363 659.

123 3399 177 3407 -—-
208 3378 304 3419 sine
333 3378 532 3420 subiecto
565 3379 664 3422 398.

121 3437 506 3597 Qusszigngtitgaziglauei
511 3438 782 3551 {imitativa
801 3509 904 3551 pars
918 3497 1110 3552 corporis

2088 362 2192 412 809

1204 504 1431 556 Quantum
1451 507 1686 558 peccatum
1707 507 1774 544 est
1794 502 2034 545 defendere
2051 509 2195 546 sectas
2274 537 2277 551 .

1203 619 1260 661 (16
1291 623 1425 661 —'-nto
1471 618 1681 660 dotantur
1716 618 1925 673 amplius,
1975 619 2031 661 de
2068 625 2193 662 tanto

1262 682 1330 718 est
1359 681 1499 718 status
1528 676 1772 731 perfeccior
1802 678 1902 719 313.

1204 739 1310 776 —ta
1337 739 1460 776 secta
1479 735 1625 777 variat
1652 735 1700 775 in
1728 735 1895 791 regulis
1926 739 1972 777 61
1997 737 2195 791 patronis

1202 853 1249 894 in
1278 878 1335 884 —-
1367 851 1628 893 mandatum
1658 852 1813 894 tabule
1841 851 2036 894 secunde
2058 852 2194 895 offen-

1261 910 1380 952 ditur
1409 911 1558 952 multis
1589 910 1730 952 modis
1762 911 1860 952 121.

1204 969 1525 1021 Quaternarius
1555 969 1749 1011 mendax
1780 970 1880 1012 352.

1203 1029 1404 1080 Quatuor
1434 1029 1655 1070 seducunt
1685 1028 1918 1070 ecclesiam
1949 1029 2048 1070 348.

1204 1110 1259 1116 -—
1291 1092 1434 1129 seete:
1463 1087 1608 1129 clerus
1628 1099 1848 1140 cesareus‚
1882 1087 2101 1140 monachi,
2123 1099 2194 1129 ca-

1263 1146 1411 1188 nonici
1441 1150 1577 1200 atque
1607 1146 1766 1188 fratres
1799 1147 1904 1200 1733
1938 1147 2037 1188 395.

1206 1227 1260 1234 —
1283 1209 1402 1246 66616
1423 1205 1523 1259 plus
1544 1205 1713 1247 habent
1731 1205 2070 1260 prosperitatem
2085 1209 2195 1247 tem-

1262 1263 1482 1318 poralium
1512 1265 1611 1306 395.

1204 1345 1258 1352 ——
1291 1322 1491 1363 membra
1522 1322 1703 1376 dyaboli
1731 1336 1832 1364 cum
1863 1322 1953 1364 suis
1974 1321 2195 1377 complici-

1262 1382 1344 1422 bus
1375 1382 1475 1423 395.

1203 1462 1260 1470 --
1291 1443 1412 1481 secte
1451 1439 1682 1481 variantur
1718 1438 1765 1480 in
1803 1439 1941 1494 signis
1979 1439 2195 1481 sensibili-

1260 1498 1344 1539 bus
1375 1498 1445 1540 26.

1204 1581 1259 1587 —
1291 1556 1415 1598 milia
1444 1557 1630 1598 fratrum
1661 1555 1709 1597 in
1738 1555 1905 1612 Anglia
1934 1557 2012 1610 283
2048 1557 2145 1598 193.

1203 1615 1414 1668 Quelibet
1449 1628 1520 1657 res
1557 1614 1665 1656 dicit
1694 1627 1742 1656 se
1771 1615 1915 1670 ipsam
1948 1616 2053 1669 1373
2096 1616 2195 1658 348.

1204 1674 1401 1726 Querela
1431 1674 1617 1716 flatrum
1648 1673 1703 1716 de
1733 1674 1947 1730 pauperie
1979 1675 2047 1717 66.

1202 1733 1504 1786 Querencium
1541 1733 1671 1789 signa
1709 1733 1946 1788 generacio
1993 1732 2197 1775 adultera

1261 1792 1361 1847 plus
1392 1791 1584 1834 attendit
1620 1791 1679 1833 ad
1708 1792 1937 1834 sensibilia
1973 1804 2109 1847 quam
2139 1791 2197 1833 ad

1261 1850 1448 1893 solidam
1478 1851 1715 1893 veritatem
1747 1852 1846 1893 397.

1203 1910 1442 1962 Querulosi
1470 1914 1868 1951 remurmuratores
1901 1910 1969 1951 74.

1204 1969 1398 2021 Questus
1436 1981 1573 2010 causa
1612 1969 1772 2010 fratres
1816 1968 2043 2024 hospitant
2079 1968 2196 2011 viros

1265 2032 1311 2070 et
1340 2027 1529 2069 feminas
1561 2029 1631 2070 69.

1205 2111 1260 2117 —
1294 2099 1430 2128 causa
1459 2091 1581 2128 secte
1612 2086 1854 2128 adulantur
1890 2086 1959 2128 66.

1206 2146 1472 2201 Quicunque
1494 2145 1760 2200 dampnatus
1777 2150 1845 2187 est
1862 2144 2080 2198 dyabolus
2097 2146 2196 2189 664.

1207 2229 1262 2235 —
1293 2204 1527 2260 religiosus
1557 2204 1758 2246 ordinem
1789 2204 2031 2246 dimitteret
2060 2205 2160 2246 478.

1206 2263 1399 2316 Quidam
1430 2263 1615 2306 obviant
1643 2262 1836 2305 fideliter
1865 2262 2199 2305 adinvencioni-

1264 2323 1348 2364 bus
1380 2323 1449 2364 91.

1205 2381 1441 2433 Quidditas
1472 2380 1691 2422 oracionis
1722 2380 1822 2422 342.

1205 2439 1434 2495 Quidquid
1463 2439 1594 2481 homo
1624 2439 1767 2494 magis
1789 2439 2007 2492 dilexerit,
2040 2439 2197 2482 consti-

1260 2499 1348 2540 tuit
1377 2499 1512 2540 deum
1541 2512 1672 2539 suum
1705 2499 1803 2540 120.

1204 2580 1259 2587 —
1289 2557 1402 2599 utile
1432 2561 1500 2599 est
1530 2556 1807 2598 edificacioni
1835 2556 2037 2610 ecclesie,
2068 2557 2198 2612 prod-

1262 2621 1330 2658 est
1357 2616 1460 2672 plus
1490 2615 1715 2671 spiritibus
1745 2619 2020 2657 mortuorum
2053 2617 2151 2658 149.

1202 2675 1340 2727 Quies
1382 2675 1632 2716 animarum
1661 2675 1708 2715 in
1739 2674 1812 2716 die
1843 2674 2067 2717 dominica
2098 2677 2195 2717 148.

1200 2757 1258 2764 --
1288 2739 1564 2776 mortuorum
1595 2734 1694 2776 147.

1202 2793 1402 2845 Quiescit
1431 2793 1479 2834 in
1509 2805 1557 2834 se
1587 2793 1682 2847 ipso
1714 2792 1846 2834 homo
1878 2792 1978 2834 214.

1202 2852 1400 2904 Quilibet
1448 2852 1636 2893 fratrum
1686 2851 1864 2893 excedit
1913 2863 2196 2892 communem

1260 2910 1460 2952 ordinem
1491 2910 1751 2952 cristianum
1781 2910 1882 2951 449.

1201 2993 1255 2999 —
1288 2970 1434 3011 viator
1471 2969 1632 3010 dubius
1662 2982 1721 3010 an
1756 2969 1813 3010 sit
1842 2967 2061 3022 dyabolus
2092 2968 2192 3010 364.

1201 3052 1255 3058 —
1287 3028 1424 3070 habet
1452 3027 1711 3083 personales
1740 3027 2036 3082 proprietates
2067 3027 2166 3069 348.

1199 3110 1256 3117 —
1288 3087 1522 3129 cristianus
1553 3099 1716 3141 sponsa
1747 3086 1878 3128 Gristi
1907 3086 2007 3127 289.

1201 3169 1256 3177 -—
1289 3146 1522 3187 cristianus
1553 3144 1745 3186 Cristum
1773 3144 1901 3200 sequi
1929 3144 2065 3186 debet
2092 3145 2192 3186 349.

1200 3228 1256 3235 —
1268 3205 1404 3246 frater
1411 3203 1712 3260 expenditIOO
1719 3203 1882 3245 solidos
1891 3203 1947 3245 de
1955 3203 2191 3259 Anglia28.

1202 3285 1255 3292 —-
1290 3263 1591 3318 apostolorum
1620 3276 1700 3304 suo
1721 3267 1922 3318 tempore
1942 3263 2103 3304 beatus
2119 3263 2189 3304 34.

1201 3346 1255 3351 —
1286 3322 1501 3377 prescitus
1534 3326 1602 3364 est
1631 3321 1678 3362 in
1708 3322 1827 3363 facto
1849 3320 2068 3375 dyabolus
2091 3322 2188 3363 361.

1201 3403 1255 3410 -—
1287 3381 1503 3435 prescitus
1532 3380 1677 3422 malus
1707 3381 1886 3436 spiritus
1918 3385 1985 3421 est
2017 3381 2115 3422 362.

1198 3439 1244 3480 in
1276 3439 1491 3491 Quintum
1520 3439 1782 3481 mandatum
1812 3438 2008 3481 secunde
2036 3438 2190 3480 tabule

1258 3503 1442 3540 extense
1473 3498 1713 3541 offenditur
1744 3499 1841 3540 121.
