2528 4074
902 358 1207 401 GENERAL
1238 359 1458 399 INDEX.
2095 365 2198 412 833

155 505 392 560 Suscepcio
414 505 666 547 voluntaria
687 504 1006 545 satisfaccionis
1025 504 1134 544 inte-

214 576 292 619 gre
322 569 551 619 tamquam
580 562 843 605 sacramenti
862 561 1049 616 perfecti
1069 575 1135 627 sa-

212 622 479 664 tisfaccionis
509 622 639 663 Cristi
668 625 735 662 est
764 621 862 662 510.

155 680 372 748 Suspecta
396 686 522 722 secta
550 680 736 720 fratrum
765 677 821 720 de
852 678 1133 733 dampnacio—

213 740 281 780 nis
308 739 505 795 periculo
536 738 632 780 180.

160 803 284 839 -cte
313 803 434 839 secte
463 796 519 838 de
549 796 666 837 furto
696 800 743 837 et
769 788 1000 838 latrocinio
1032 795 1101 837 90.

155 857 274 898 —cti
300 860 405 898 sunt
433 855 608 896 ordines
637 854 758 909 apud
787 854 943 896 fideles
974 855 1072 896 228.

155 914 353 969 Suspicio
397 913 637 968 probabilis
683 913 741 954 ad
785 912 1132 969 dignificandum

211 972 410 1014 homines
443 973 540 1014 172.

155 1053 210 1061 —
240 1031 417 1072 sceleris
445 1031 631 1072 fratrum
661 1031 732 1073 92.

153 1089 432 1131 Sustentacio
462 1089 674 1146 neganda
703 1092 771 1132 est
798 1089 930 1132 sectis
960 1090 1058 1131 353.

152 1148 411 1190 Sustentare
440 1147 618 1192 mendic
643 1161 668 1200 s
695 1149 821 1190 avari
847 1147 1014 1190 debent
1036 1149 1131 1190 196.

152 1207 364 1261 Symonia
393 1205 582 1252 odibilis⁴
664 1211 783 1248 trum
813 1208 882 1250 56.

152 1265 420 1319 Symoniaca
450 1266 621 1325 empcio
642 1279 700 1307 ex
719 1265 899 1308 defectu
917 1265 1132 1320 scripture

210 1329 279 1365 est
305 1321 640 1380 suspecta'25l.

154 1383 281 1424 —aci
309 1383 606 1426 hereticorum
633 1383 763 1439 primi
792 1387 895 1425 sunt
923 1383 1024 1425 430.

102 1479 105 1481 Α
154 1465 207 1471 -
240 1447 344 1483 sunt
380 1456 533 1484 omnes
569 1455 700 1498 pape,
746 1441 954 1497 episcopi,
993 1441 1135 1483 curati

209 1501 285 1542 vel
311 1502 607 1556 prebendarii,
637 1501 715 1557 qui
742 1504 964 1556 occupant
991 1513 1135 1554 symo-

211 1559 340 1601 niace
370 1561 685 1615 patrimonium
714 1559 912 1602 crucifixi
941 1560 1042 1602 431.

3 1673 10 1680 ⁴
68 1620 70 1622 ’
153 1630 292 1659 —ace
320 1619 574 1661 mercandis
605 1619 704 1662 146.

3 3070 7 3077 ⁴
4 3031 6 3037 ’
0 2576 21 2961 ¹*‘·⁴·>··⁴—⁶r-:·‘--·wrw
0 2474 15 2560 cuv*
0 2413 12 2440 u·
0 2344 10 2363 a.

153 1689 292 1718 -ace
320 1677 519 1733 redditus
546 1677 803 1733 temporalis
823 1677 984 1719 emitur
1005 1677 1102 1718 186.

154 1759 209 1765 —
241 1736 430 1777 ecclesia
459 1737 620 1779 emitur
650 1738 748 1779 186.

151 1793 412 1836 Swadibiles
441 1800 562 1837 secte
593 1797 664 1838 51.

609 1925 667 1971 T.

149 2030 319 2071 Tacere
349 2030 489 2072 instar
520 2030 652 2073 Gristi
684 2032 782 2074 179.
875 2085 881 2089 ἡ

148 2089 519 2132 Taciturnitatem
547 2103 726 2132 servare
757 2091 826 2133 52.

148 2148 378 2204 Talliagiis
414 2149 600 2191 insuetis
646 2154 853 2191 tenentes
893 2153 1135 2190 onerantur

148 2266 336 2308 Tectum
366 2266 595 2322 signanter
622 2280 741 2322 papa
771 2267 931 2309 dicitur
960 2269 1058 2310 396.

150 2326 206 2368 de
235 2326 374 2368 Tecto
402 2326 479 2367 vel
507 2326 685 2368 domate
704 2331 825 2368 secte
846 2326 933 2368 dici
951 2331 1136 2382 possunt

148 2444 363 2487 Tediosus
393 2447 440 2486 et
466 2443 636 2486 inutilis
662 2444 791 2486 labor
822 2445 919 2488 138.

149 2503 405 2545 Temeraria
435 2502 575 2544 diccio
607 2505 706 2546 350.

149 2562 337 2604 Temere
375 2560 567 2604 diffinire
605 2567 760 2604 auctor
787 2561 924 2604 nichil
954 2562 1032 2604 wlt
1062 2563 1130 2604 31.

148 2621 413 2676 Temporale
457 2620 717 2678 suffragium
761 2634 790 2663 a
826 2621 997 2677 Magog
1032 2622 1133 2663 sub-

204 2679 472 2722 trahendum
499 2680 600 2724 400.

149 2739 262 2780 —lis
290 2739 502 2794 pausacio
531 2738 579 2780 in
607 2738 864 2795 purgatorio
897 2740 994 2782 146.

151 2798 263 2839 —lis
278 2797 481 2840 dominus
489 2797 728 2840 offenditur
735 2811 792 2839 ex
799 2799 973 2853 prevari
978 2798 1133 2840 cancia

208 2857 326 2899 servi
354 2857 423 2899 sui
453 2857 553 2900 284.

152 2917 298 2958 —lem
342 2916 570 2958 dominum
613 2915 791 2972 plurimi
833 2916 933 2971 plus
976 2916 1134 2958 timent

207 2988 343 3031 quam
373 2975 506 3017 deum
536 2976 636 3018 226.

151 3057 207 3064 —
237 3034 436 3091 gladium
466 3047 675 3077 exercere
703 3047 797 3077 non
825 3034 1007 3076 fuerunt
1025 3034 1134 3076 moti

208 3093 396 3149 apostoli
424 3093 523 3135 288.

151 3152 324 3194 —rales
352 3152 475 3194 Petri
503 3151 642 3208 gladii
659 3153 761 3195 288.

152 3211 271 3252 —lia
312 3210 492 3265 quando
535 3215 640 3253 sunt
679 3210 922 3263 reddenda,
960 3214 1132 3253 mortuo

208 3269 380 3324 prelato
437 3269 588 3312 dotato
637 3274 685 3312 et
730 3269 994 3311 cadentibus
1041 3269 1132 3311 suis

208 3327 523 3383 temporalibus
551 3329 599 3370 in
627 3341 810 3370 manum
839 3326 957 3384 regis
986 3329 1085 3371 281.

153 3410 207 3417 -—-
230 3392 276 3428 et
302 3387 432 3439 bona,
461 3387 744 3430 confiscanda
764 3393 868 3430 sunt
890 3386 1063 3444 282l83.

153 3446 271 3487 —lia
299 3445 483 3487 detenta
511 3459 540 3488 a
567 3447 836 3502 pauperibus
866 3447 965 3489 246.

152 3529 208 3535 —-
254 3504 419 3546 debent
467 3517 566 3547 esse
609 3505 842 3548 distributa
883 3506 1127 3549 secundum

208 3564 357 3620 legem
388 3562 518 3606 Cristi
546 3565 645 3606 198.

244 3650 378 3691 Wiclif,
404 3650 598 3684 Paterna-al
626 3650 763 3685 Works.

1224 503 1507 558 Temporalia
1536 504 1722 545 ecclesie
1751 504 1908 545 fratres
1938 511 2203 547 consumunt

1226 643 1279 650 —
1310 624 1524 675 tanquam
1553 620 1841 674 peripsimata
1871 621 1967 663 133.

1223 701 1278 708 --
1307 691 1556 733 pauperum
1585 679 1773 720 collecta
1798 679 1846 719 in
1873 680 2082 721 abbacias
2105 681 2201 722 134.

1225 760 1276 766 —
1309 736 1567 778 adiacencia
1594 737 1781 791 papatui
1809 738 1908 779 572.

1222 794 1280 835 ad
1311 818 1365 824 —
1397 795 1540 836 sancti
1570 796 1699 838 multi
1726 795 1955 837 inhiarunt
1986 797 2083 838 702.

1221 854 1338 895 circa
1369 877 1423 883 —
1470 855 1708 909 occupacio
1752 855 1800 895 in
1837 854 1971 896 deum
2017 855 2204 896 collecta

1225 971 1388 1012 —lium
1420 971 1675 1013 distribucio
1709 973 1806 1014 198.

1223 1054 1277 1060 -
1308 1031 1646 1085 prosperitatem
1682 1031 1782 1086 plus
1818 1030 1986 1073 habent
2015 1036 2206 1086 quatuor

1279 1093 1400 1130 secte
1433 1091 1531 1131 395.

1224 1172 1278 1177 —
1308 1148 1594 1203 participacio
1638 1162 1722 1190 nec
1758 1149 1942 1191 mortuis
1978 1163 2062 1190 nec
2091 1149 2205 1191 vivis

1279 1207 1460 1261 prodest
1489 1208 1588 1249 247.

1223 1288 1277 1294 —
1309 1266 1494 1319 particio
1525 1266 1646 1307 facta
1675 1279 1703 1307 a
1734 1267 1876 1309 Gristo
1908 1269 2007 1310 374.

1223 1347 1276 1353 --
1309 1324 1564 1366 distribucio
1593 1326 1843 1379 periculosa
1871 1332 1939 1368 est
1968 1328 2066 1369 374.

1222 1406 1278 1413 -—
1309 1383 1481 1424 ablacio
1512 1388 1580 1424 est
1609 1385 1760 1439 gracia
1789 1385 2072 1427 dissensionis
2092 1386 2208 1426 inter

1278 1441 1481 1484 homines
1510 1443 1610 1485 370.

1223 1523 1278 1530 —
1310 1501 1526 1542 bonorum
1556 1501 1766 1556 spoliacio
1800 1503 1897 1545 149.

1221 1583 1282 1589 -—
1312 1560 1452 1602 amori
1495 1574 1639 1615 genus
1683 1560 1930 1603 humanum
1966 1562 2207 1603 inclinatur

1222 1701 1277 1706 —
1309 1677 1564 1733 cupidinem
1594 1679 1808 1734 ampliare
1840 1680 1940 1722 529.

1221 1736 1276 1778 de
1307 1737 1481 1779 —libus
1511 1738 1708 1793 cogitare
1742 1739 1838 1781 122.

1220 1796 1267 1837 in
1299 1820 1353 1825 —
1383 1796 1615 1838 habundat
1643 1811 1722 1838 rex
1753 1798 1852 1839 243.

1219 1856 1266 1896 in
1297 1878 1354 1885 —-
1383 1856 1541 1897 fratres
1569 1856 1764 1898 immersi
1793 1857 1893 1899 221.

1219 1914 1543 1969 Temporalitas
1564 1919 1610 1956 et
1627 1915 1890 1957 insecuritas
1906 1920 1974 1957 est
1988 1915 2209 1957 medicina

1280 1974 1338 2015 ad
1367 1987 1416 2015 se
1445 1973 1682 2015 colendum
1713 1975 1812 2016 273.

1221 2032 1417 2087 Tempus
1453 2037 1657 2074 creatura
1692 2034 1812 2075 bona
1849 2033 1923 2074 dei
1950 2048 2042 2075 non
2072 2046 2129 2075 ex
2158 2047 2206 2075 se

1280 2092 1471 2133 scelesta
1501 2093 1570 2133 38.

1224 2173 1293 2203 —,
1324 2151 1371 2191 in
1401 2164 1489 2218 quo
1511 2150 1765 2192 anticristus
1784 2151 2003 2206 regnabit,
2024 2151 2071 2192 in
2091 2165 2206 2193 com-

1280 2211 1519 2264 paracione
1551 2210 1634 2251 erit
1663 2210 1886 2252 modicum
1918 2211 2016 2252 391.

1223 2291 1278 2298 —-
1283 2282 1547 2336 ,uquousque
1575 2269 1763 2310 ministri
1781 2269 1982 2324 perversi
2000 2270 2047 2310 in
2069 2270 2209 2312 eccle-

1279 2328 1391 2370 siam
1427 2328 1633 2383 producti
1668 2333 1784 2382 sunt,
1816 2329 1938 2370 mille
1970 2329 2076 2370 anni
2105 2334 2209 2371 sunt

1221 2446 1378 2499 —oris‚
1400 2446 1447 2487 in
1475 2460 1563 2502 quo
1585 2446 1836 2488 anticristus
1855 2447 2073 2503 regnabit,
2093 2447 2209 2503 peri-

1277 2505 1428 2546 culum
1458 2506 1542 2547 erit
1569 2518 1783 2561 magnum
1813 2507 1913 2548 397.

1220 2587 1276 2594 —-
1308 2565 1556 2619 quantitate
1576 2565 1874 2607 millenarium
1893 2579 1985 2607 non
2004 2565 2208 2621 designa-

1277 2627 1351 2664 tur
1380 2624 1478 2665 391.

1218 2681 1266 2722 in
1282 2705 1337 2712 —-
1358 2681 1448 2723 fine
1463 2682 1676 2738 processit
1688 2682 1943 2724 humanitas
1959 2682 2089 2725 cristi
2107 2684 2204 2726 163.

1222 2754 1388 2796 —pora
1415 2742 1666 2796 periculosa
1694 2741 1808 2784 fiunt
1835 2756 1916 2797 per
1943 2743 2204 2797 perturban-

1277 2805 1346 2842 tes
1374 2814 1533 2856 pacem
1563 2802 1632 2843 38.

1220 2874 1435 2915 —porum
1465 2859 1565 2902 finis
1596 2861 1666 2902 24.

1219 2918 1510 2974 Temptabilis
1539 2932 1659 2974 papa
1687 2919 1756 2960 vir
1786 2919 1884 2961 677.

1219 2977 1477 3033 Temptacio
1508 2978 1582 3019 dei
1614 2979 1710 3020 141.

1220 3060 1276 3067 —
1309 3037 1489 3090 dyaboli
1517 3037 1574 3077 ad
1604 3036 1846 3078 avariciam
1879 3037 1975 3078 135.

1218 3095 1490 3150 Temptacio‚
1530 3108 1665 3151 quam
1702 3095 1809 3137 facit
1838 3095 2055 3150 dyabolus
2085 3110 2201 3137 com-

1277 3155 1468 3196 moranti
1496 3154 1544 3194 in
1573 3154 1723 3196 seculo
1755 3156 1824 3196 58.

1219 3237 1273 3243 —
1305 3213 1544 3254 demonum
1574 3214 1643 3256 91.

1219 3272 1345 3313 ——nis
1380 3271 1566 3313 sathane
1607 3271 1810 3314 efficacia
1849 3277 1937 3314 stat
1964 3273 2012 3314 in
2039 3273 2200 3314 instru-

1275 3332 1436 3373 mentis
1464 3332 1683 3386 perversis
1713 3333 1811 3374 392.

1218 3390 1406 3431 —nibus
1425 3390 1635 3446 nequicia
1654 3391 1839 3433 sathane
1860 3396 1961 3447 post
1980 3392 2197 3433 ascensio-

1274 3462 1379 3490 nem
1410 3449 1576 3491 domini
1605 3463 1821 3504 suspensa
1852 3455 1918 3492 est
1948 3452 2046 3492 392.

1215 3507 1453 3563 Temptare
1484 3509 1661 3563 spiritus
1681 3509 1726 3549 in
1747 3510 1935 3551 materia
1953 3510 2198 3565 purgatorii

1274 3567 1372 3608 149.

1773 3643 1828 3683 53
