2528 4074
147 448 237 487 cap.
277 428 427 486 VIII]
489 431 582 470 DE
611 428 1139 469 CONTRARIETAPE
1166 429 1449 469 DUORUM
1474 429 1886 469 DOMINORUM.
2078 434 2177 480 711

279 574 360 628 Et
394 576 553 627 tercio
593 592 659 625 ex
705 574 803 624 isto
855 574 1111 640 principio
1164 575 1405 643 furantur
1457 591 1668 640 pueros,
1719 573 1947 639 spoliant
1993 591 2181 638 egenos

145 674 196 717 et
237 665 379 715 mille
416 662 677 713 meandris
721 661 957 711 lacerant
1000 661 1170 727 legem
1211 659 1382 711 Cristi.
1459 661 1570 711 Ista
1610 667 1785 710 autem
1830 660 2025 709 heresis
2065 678 2182 710 cum

146 754 248 805 suis
301 750 618 817 appendiciis
670 766 774 799 non
821 755 899 799 est
935 749 1105 799 minus
1145 749 1306 815 priori
1344 748 1514 799 heresi
1565 746 1909 813 triumphanti
1963 747 2184 797 ecclesia

144 839 431 891 manifesta.

103 940 127 977 5
285 925 357 975 Et
395 942 460 975 ex
496 923 608 974 istis
634 930 817 990 quarto
850 924 1144 990 germinant
1183 924 1284 974 alie
1322 924 1527 974 hereses
1566 924 1751 974 nocive
1790 921 2006 973 ecclesie
2054 922 2184 971 mili-

142 1014 295 1074 tanti,
338 1011 549 1062 ·scilicet
600 1011 739 1078 quod
790 1010 909 1083 plus
961 1011 1311 1062 necessarium
1361 1019 1439 1062 est
1486 1018 1537 1062 et
1582 1011 1902 1061 meritorium
1950 1009 2186 1060 conferre

140 1102 242 1152 illis
279 1099 585 1150 elemosinas
624 1096 782 1149 Cristi
818 1098 1135 1165 pauperibus
1174 1099 1440 1161 limitatas,
1483 1117 1639 1166 quam
1679 1099 1805 1149 dare
1842 1098 1960 1148 illas
1999 1097 2185 1148 elemo-

142 1190 276 1240 sinas
315 1187 410 1248 eis‚
453 1185 639 1253 quibus
676 1186 1035 1252 multipliciter
1075 1185 1276 1237 Cristus
1317 1204 1404 1237 eas
1442 1187 1704 1238 limitavit.

282 1274 355 1324 Et
393 1291 459 1324 ex
495 1274 606 1324 istis
646 1274 824 1341 quinto
864 1275 1050 1325 crescit
1086 1275 1446 1325 monstrositas
1487 1275 1542 1325 in
1580 1292 1795 1325 numero
1836 1281 1888 1324 et
1927 1273 2188 1340 qualitati-

75 1375 127 1413 10
142 1363 236 1414 bus
260 1379 616 1429 personarum,
655 1361 711 1411 in
737 1362 1128 1412 construccione
1170 1362 1474 1412 domoruma
1514 1369 1566 1412 et
1604 1362 1824 1412 aliorum
1864 1368 2190 1412 ornamento-

141 1469 276 1512 rum,
331 1457 440 1500 tam
477 1450 533 1499 in
570 1449 886 1500 indumentis
926 1456 978 1500 et
1016 1449 1130 1500 aliis
1170 1449 1536 1516 apparatibus,
1593 1458 1652 1500 ut
1691 1450 1858 1516 magis
1898 1456 2191 1516 appareant

141 1538 303 1590 sancti
330 1537 547 1588 ecclesie
572 1537 833 1588 militanti.
897 1536 971 1587 Et
1007 1533 1066 1587 ut
1091 1536 1319 1588 breviter
1354 1538 1574 1600 dicatur,
1612 1556 1706 1604 per
1734 1555 1882 1589 suam
1909 1537 2189 1604 ypocrisim

138 1633 248 1678 tota
282 1624 513 1675 militans
554 1625 775 1676 ecclesia
811 1625 1011 1691 patitur
1050 1625 1370 1676 discrasiam.

281 1712 354 1762 Et
392 1730 458 1763 ex
494 1713 605 1763 istis
645 1719 793 1763 sexto
831 1712 1082 1775 inferunt,
1141 1731 1258 1764 cum
1313 1713 1510 1764 habent
1559 1714 1718 1765 corda
1765 1713 2091 1764 dominorum
2140 1721 2195 1764 et

47 1811 122 1850 .15
139 1802 463 1853 dominarum
501 1801 557 1850 in
594 1801 699 1851 suis
738 1801 994 1863 manibus,
1037 1802 1176 1869 quod
1201 1801 1321 1851 libri
1362 1802 1665 1868 ewangelici
1704 1808 1756 1852 et
1794 1819 1974 1852 sensus
2015 1802 2190 1852 catho-

137 1889 223 1940 lici
261 1888 515 1939 declarati
566 1888 760 1955 populo
816 1889 1188 1940 comburantur
1243 1898 1294 1941 et
1339 1890 1460 1941 libri
1508 1891 1634 1941 artis
1682 1907 1773 1941 sue
1811 1890 2190 1955 nigromantice

138 1995 197 2028 ac
233 1976 606 2043 philomantice
643 1995 738 2043 per
775 1985 1048 2043 magnates
1090 1978 1308 2029 ecclesie
1349 1978 1714 2029 defendantur.
1780 1978 1853 2028 Et
1892 1979 1965 2029 sic
2001 1995 2188 2044 suppo-

135 2066 296 2126 nitur,
353 2065 492 2132 quod
529 2065 584 2115 in
621 2064 768 2116 brevi
806 2072 1040 2132 tempore
1078 2084 1216 2118 nova
1254 2067 1452 2117 facient
1491 2067 1666 2117 omnia
1703 2067 1757 2116 in
1797 2066 2021 2117 ecclesia
2058 2066 2189 2116 mili-

134 2160 292 2215 tante,
333 2153 433 2203 nisi
472 2152 600 2220 deus
638 2153 948 2205 miraculose
1003 2162 1185 2206 contra
1238 2173 1326 2206 eas
1379 2155 1701 2206 ordinaverit
1746 2154 2035 2204 remedium
2076 2172 2188 2220 spe-

66 2249 120 2290 20
137 2241 281 2293 ciale.
359 2240 432 2291 Et
468 2247 646 2291 tamen
682 2248 794 2293 tota
831 2243 1042 2294 malicia
1097 2261 1274 2294 eorum
1328 2261 1422 2310 per
1468 2242 1802 2294 latitudinem
1851 2243 1930 2293 sui
1979 2242 2190 2293 habitus

136 2337 187 2380 et
222 2347 367 2381 suam
410 2329 688 2395 ypocrisim
726 2331 921 2396 populo
961 2338 1040 2382 est
1079 2332 1265 2382 celata.

276 2417 350 2467 Et
387 2417 460 2468 sic
499 2418 719 2484 septimo
758 2419 996 2469 nutriunt
1034 2419 1285 2481 dominos,
1329 2420 1566 2470 dominas
1610 2428 1662 2470 et
1699 2426 1938 2485 potentes
1977 2426 2191 2485 propter

133 2523 300 2572 pauca
341 2505 507 2572 spolia
545 2507 600 2556 in
649 2523 741 2557 suo
787 2506 1019 2558 facinore
1069 2514 1250 2558 contra
1291 2506 1520 2558 Cristum
1570 2515 1621 2558 et
1659 2507 1957 2558 sacerdotes
1995 2523 2189 2573 paupe-

132 2611 212 2645 res
251 2601 303 2645 et
339 2593 520 2645 fideles
558 2611 722 2662 usque
760 2594 830 2645 ad
867 2602 1086 2645 mortem
1142 2596 1386 2646 atrociter
1438 2603 1793 2662 persecuntur,
1852 2602 1905 2645 et
1944 2595 2016 2645 sic
2055 2602 2186 2645 tam-

63 2688 116 2728 25
133 2699 287 2749 quam
325 2682 380 2731 in
418 2681 557 2733 bello
595 2683 731 2733 inter
757 2681 954 2734 Gelvos
994 2690 1046 2734 et
1074 2673 1349 2734 Gibil'anos
1390 2684 1633 2735 dividunt
1666 2691 1832 2734 totam
1871 2683 2186 2734 militantem

134 2769 422 2821 ecclesiam.
486 2770 598 2821 Nec
639 2769 870 2831 dubium,
911 2772 1036 2837 quin
1076 2779 1258 2822 contra
1296 2771 1467 2837 legem
1505 2772 1701 2822 domini
1741 2789 1928 2838 corpus
1969 2771 2188 2822 ecclesie

132 2857 403 2909 militantis
442 2865 771 2909 commovent
810 2866 862 2909 et
898 2858 1229 2910 conturbant.

277 2945 351 2996 Et
408 2946 506 2997 iste
555 2953 634 2997 est
679 2946 794 2997 finis
843 2947 1110 2998 divisionis
1164 2964 1254 2998 sue
1301 2944 1562 3014 ripiniee,1
1618 2966 1770 3015 quem
1818 2948 2022 2998 faciunt
2075 2964 2188 3013 pre-

136 3033 356 3085 dicando
391 3040 443 3084 et
466 3033 923 3100 multiplicacionis
949 3035 1214 3102 religionis
1242 3054 1332 3086 sue
1360 3043 1412 3086 et
1439 3043 1593 3098 secte,
1637 3053 1765 3102 quas
1806 3043 1988 3086 contra
2028 3035 2187 3086 domi-

65 3128 119 3168 30
134 3139 257 3172 num
292 3121 709 3173 introduxerunt.
786 3123 898 3174 Nec
953 3123 1178 3174 cessabit
1229 3125 1331 3175 ista
1380 3124 1565 3176 divisio
1614 3124 1869 3175 anticristi
1908 3141 1940 3174 a
1980 3123 2187 3174 commi-

135 3210 354 3260 nucione
391 3210 606 3260 unitatis
646 3217 699 3261 et
742 3211 888 3277 pacis
929 3210 1087 3262 Cristi
1140 3212 1380 3275 ecclesie,
1439 3220 1720 3280 antequam
1760 3210 1918 3262 Cristi
1967 3210 2189 3262 ecclesia

500 3370 629 3411 CAP.
669 3370 809 3412 VIII.
871 3373 891 3393 a
925 3372 996 3424 Op.
1030 3372 1159 3413 above
1182 3387 1229 3426 p.
1261 3377 1314 3414 47
1347 3375 1456 3421 note,
1488 3373 1579 3413 also
1604 3387 1652 3425 p.
1687 3376 1763 3422 69,·
1800 3376 1906 3421 135,·
1942 3375 2024 3414 143

253 3503 380 3543 OAP.
411 3501 552 3542 VIII.
601 3498 616 3522 ¹
652 3501 764 3542 Thu-s·
801 3504 869 3542 the
896 3503 997 3544 MS.
1028 3505 1167 3552 reads,
1192 3507 1383 3558 perhaps
1415 3506 1487 3558 for
1516 3504 1757 3557 rabbinice‚
1791 3518 1855 3557 cp.
1888 3495 2106 3550 Mattkew,
2131 3504 2186 3543 E.

146 3575 205 3615 W.
227 3576 266 3617 Ιι.
289 3590 345 3623 u„
359 3589 407 3628 p.
435 3577 519 3617 532
551 3575 637 3615 and
666 3577 757 3617 cod.
788 3578 881 3616 Ask
910 3577 988 3630 fol.
1019 3581 1098 3620 75.-
1144 3577 1303 3619 fratres
1331 3578 1564 3633 predicant
1594 3578 1734 3619 verba
1769 3577 1874 3618 ficta
1905 3581 1951 3618 et
1979 3581 2190 3632 poemata

133 3647 374 3702 ripinisata.
