2528 4074
121 1008 135 1051 Η
151 1007 260 1047 Osol.
276 1009 339 1039 170
358 1013 377 1032 α

381 431 484 478 420
1088 426 1406 465 JOHANNJS
1444 427 1675 474 WJOLIF,
2179 423 2288 481 [cap.
2317 427 2381 466 II
2444 423 2445 426 ¹

381 571 452 620 Et
502 588 618 621 cum
662 571 760 620 ista
810 570 935 634 legis
987 569 1069 619 dei
1120 570 1359 620 execucio
1406 567 1649 620 nedum⁴⁰
1699 570 1969 620 infideliter
2019 587 2112 636 pro
2165 566 2375 621 causafl
2443 594 2450 644 s

381 651 724 722 temporali,4²
775 672 926 721 quam
962 656 1124 719 magis
1161 656 1460 721 ponderant,
1515 663 1592 706 est
1627 657 1805 722 sopita,
1861 656 1951 706 sed
1985 663 2193 722 propter
2227 662 2376 720 turpe
2449 682 2451 686 ·

382 742 580 791 lucrum
632 742 684 790 in
736 741 895 790 tocius
946 741 1089 805 regni
1127 741 1450 806 dispendium
1487 748 1564 791 est
1601 758 1756 792 causa
1791 741 1919 806 legis
1931 738 1979 768 43
2017 740 2225 807 dyaboli
2262 757 2376 790 con-

384 827 596 877 firmata.
672 826 743 875 Et
787 822 959 876 01111144
997 832 1190 875 certum
1229 833 1305 876 est
1341 843 1405 875 ex
1442 827 1563 884 fide,
1608 827 1703 877 nisi
1740 827 1865 877 deus
1901 821 2376 891 magnanimitate⁴⁵

384 931 472 963 sue
524 913 732 962 materie
784 912 985 961 differat
1034 911 1183 961 huius
1218 929 1420 977 penam,
1475 918 1526 961 et
1564 930 1777 977 regnum
1813 919 2042 962 nostrumv
2077 907 2228 962 erit&
2263 910 2377 961 sub·
2444 963 2446 965 ,

401 994 664 1058 versum,4⁷
703 1004 754 1047 et
789 997 978 1047 crimen
1015 998 1294 1048 omissionis
1331 1004 1506 1048 contra
1538 998 1620 1048 dei
1655 998 2078 1065 omnipotenciam
2102 992 2116 1065 Η
2141 997 2236 1047 erit
2267 1013 2380 1063 per-

383 1080 592 1150 petuo4⁸
646 1083 1087 1148 condempnatum.
1162 1082 1249 1133 Ab
1300 1084 1397 1134 isto
1450 1101 1568 1148 ergo
1608 1090 1820 1149 peccato
1860 1090 1911 1133 et
1944 1083 2170 1148 peccatis
2207 1077 2378 1133 aliis⁴⁹

383 1170 550 1235 ipsum
600 1168 957 1219 inducentibus
1008 1169 1263 1234 regnicole
1315 1176 1554 1219 caverent
1590 1169 1843 1230 solercius,
1894 1175 1946 1219 et
1980 1168 2204 1219 radicem
2240 1164 2378 1218 vel⁵⁰

386 1272 590 1304 causam
628 1255 778 1304 huius
814 1251 1068 1320 peccati⁵²
1106 1255 1423 1305 eradicarent
1459 1255 1780 1320 prudencius,
1830 1272 1946 1305 cum
1993 1253 2236 1304 debemus
2277 1270 2379 1303 cre-

386 1340 504 1389 dere
540 1340 811 1400 fructuose,
853 1341 987 1406 quod
1026 1340 1148 1390 deus
1186 1341 1251 1390 sit
1288 1340 1604 1407 omnipotens
1642 1341 1710 1390 ad
1747 1336 1880 1391 sui⁵²
1916 1340 2049 1405 regis
2089 1338 2439 1393 inobedien-,n

385 1425 516 1475 ciam
552 1422 983 1476 vindicandum.⁵³

1263 1655 1406 1703 OAP.
1444 1655 1510 1703 II.
1571 1624 1576 1628 ”

529 1797 638 1869 Nec
677 1796 837 1846 solum
876 1803 1057 1862 regnat
1093 1797 1186 1846 hec
1223 1797 1496 1846 infidelitas
1536 1805 1711 1846 contra
1739 1793 2060 1863 potenciam¹
2087 1796 2168 1846 dei
2204 1797 2380 1862 patris,

389 1883 477 1932 sed
529 1889 705 1932 contra
756 1882 1066 1947 sapienciam
1111 1882 1251 1932 verbi
1298 1883 1394 1932 dei.
1472 1882 1703 1933 Verbum
1750 1889 1919 1932 autem
1965 1882 2048 1932 dei
2093 1882 2386 1933 eternaliter
2439 1895 2441 1898 ·

388 1969 614 2033 genitum
652 1968 942 2018 eternaliter
979 1969 1204 2019 condidit
1236 1986 1390 2018 unam
1416 1969 1597 2034 legem,
1640 1976 1691 2019 et
1714 1976 1942 2034 tempore
1967 1985 2189 2034 congruo
2225 1963 2385 2033 legis²

387 2054 570 2104 veteris
621 2054 785 2119 ipsam
831 2072 1051 2119 congrue
1095 2055 1453 2121 promulgavit,
1503 2061 1554 2104 et
1594 2055 1647 2104 in
1699 2056 1805 2105 eius
1855 2054 2292 2105 confirmacionem
2330 2071 2383 2104 se
2401 2054 2433 2104 1³

386 2140 553 2205 ipsum
589 2140 642 2188 in
678 2139 992 2204 plenitudine
1030 2142 1269 2207 temporis
1309 2141 1617 2201 incarnavit,
1658 2148 1709 2191 et
1743 2148 1851 2191 tam
1887 2140 2025 2191 facto
2051 2157 2203 2219 quam
2227 2139 2384 2191 verbo
2495 2129 2496 2132 Ἴ

389 2226 572 2286 docuit,
614 2226 862 2292 quomodo
900 2226 1062 2276 voluit
1098 2227 1288 2277 clerum
1326 2244 1472 2276 suum
1511 2228 1789 2278 secundum
1826 2226 2006 2292 legem,
2047 2243 2199 2293 quam
2242 2225 2383 2292 prius

389 2313 559 2373 edidit,
613 2313 849 2376 regulari.
938 2313 1204 2376 Quomodo
1257 2330 1376 2378 ergo
1430 2319 1586 2363 staret
1636 2314 1780 2378 regni
1830 2313 2187 2379 tranquillitas,
2250 2311 2384 2379 quod
2426 2367 2431 2370 ,

387 2404 493 2447 tam
543 2398 811 2450 manifeste
864 2399 1038 2450 obviat
1086 2400 1188 2464 legi
1241 2398 1422 2449 Cristi‘?
1509 2398 1594 2447 Ex
1644 2398 1742 2448 fide
1809 2399 2012 2465 quidem
2064 2394 2385 2464 accipimus,3

390 2485 523 2550 quod
569 2485 692 2534 deus
731 2486 898 2535 omnia
933 2485 1057 2536 fecit
1092 2485 1145 2534 in
1182 2502 1439 2546 mensura,
1479 2502 1688 2534 numero
1726 2490 1777 2534 et
1811 2485 2081 2550 1101111010.σι
2149 2483 2253 2534 Sed
2288 2483 2384 2534 hec
2412 2523 2416 2525 »

389 2571 586 2620 trinitas
622 2557 912 2621 notabiliter
949 2571 1240 2621 exhorbitat
1274 2571 1328 2620 in
1359 2567 1525 2621 clero4
1549 2569 1752 2635 Anglie.
1819 2570 1955 2621 Nam
1980 2569 2309 2635 possessionis
2335 2575 2386 2620 et
2427 2592 2429 2594 ·

390 2657 682 2721 cupiditatis
734 2674 903 2706 eorum
948 2675 1050 2707 non
1095 2665 1171 2708 est
1205 2674 1456 2707 numerus.
1530 2656 1655 2706 Ideo
1693 2674 1809 2706 cum
1847 2655 1913 2706 ab
1950 2656 2046 2706 isto
2083 2655 2280 2706 binario
2318 2654 2386 2705 ad

747 2801 871 2840 OAP.
904 2801 973 2839 II.
1031 2803 1050 2821 ‘¹
1081 2800 1152 2852 Cp.
1194 2802 1260 2839 the
1284 2814 1407 2840 *same
1435 2800 1532 2839 idea
1560 2800 1653 2850 (see
1683 2799 1808 2838 Wisd.
1843 2802 1907 2846 11,
1938 2798 2023 2849 22)
2053 2799 2097 2838 in
2125 2799 2192 2839 the
2225 2797 2385 2838 Trial.

673 2875 769 2912 390.
829 2872 939 2911 With
967 2873 1046 2924 ref'.
1076 2875 1116 2911 to
1147 2873 1211 2911 the
1239 2872 1366 2911 whole
1387 2885 1580 2923 passaye,
1610 2885 1672 2923 cp.
1705 2871 1880 2909 Leckler
1909 2871 1950 2916 Ι,
1980 2874 2062 2911 496

503 2998 540 3022 40
568 3000 728 3040 nedum
747 3001 865 3047 OEF
934 3000 1109 3040 nedicta
1135 3001 1222 3050 (er.
1255 3001 1353 3052 out)
1376 3000 1538 3040 nedum
1557 3016 1586 3062 y
1716 2996 1752 3021 4¹
1782 3011 1914 3039 causa
1931 2999 2044 3061 CEy
2072 2998 2171 3038 with
2199 2998 2387 3038 brackets

389 3073 636 3125 followinyit
708 3085 884 3112 causam
915 3071 974 3124 (m
1003 3073 1101 3122 ud.)
1122 3074 1167 3111 E
1277 3069 1314 3093 42
1343 3071 1572 3126 temporali
1589 3072 1686 3133 OFy
1772 3070 1943 3111 realiE
2081 3066 2119 3091 4³
2146 3069 2257 3124 legis
2275 3069 2392 3110 OEF

447 3159 558 3206 omy
645 3141 681 3165 44
702 3158 800 3184 cum
818 3141 996 3206 OF7,E2
1015 3145 1060 3183 in
1087 3157 1191 3183 mam.
1241 3158 1316 3183 om.
1329 3145 1374 3183 E
1447 3139 1484 3164 45
1505 3141 1861 3196 magnanimitate
1880 3142 1977 3204 OFy
2026 3139 2327 3196 magnitudine
2342 3140 2390 3180 E

390 3213 426 3238 4⁶
457 3216 538 3256 erit
554 3217 612 3277 07
672 3219 716 3255 et
744 3215 804 3255 sic
820 3216 905 3254 EF
1027 3212 1063 3237 47
1093 3216 1214 3256 subv.
1235 3216 1332 3277 OFy
1389 3227 1641 3268 perversum
1657 3214 1784 3265 (ud.)
1807 3213 1930 3254 subv.
1947 3214 1993 3253 E
2109 3209 2148 3235 ¹⁸
2175 3216 2386 3267 perpetuo

394 3289 509 3328 OEF
560 3282 770 3341 perpetue
790 3303 818 3348 y
933 3283 969 3308 49
1000 3286 1095 3327 aliis
1114 3288 1231 3327 CEF
1284 3291 1360 3327 aut
1388 3286 1469 3326 hiis
1489 3302 1517 3348 y
1633 3282 1670 3308 ⁵⁰
1698 3284 1771 3326 vel
1789 3285 1905 3324 OEF
1957 3284 2050 3325 sive
2071 3300 2100 3346 y
2199 3281 2237 3306 ⁵¹
2265 3283 2391 3338 pecc.⁴
2418 3276 2421 3282 ’

394 3360 491 3421 OFq
547 3363 728 3413 peccato
748 3358 876 3409 (ud.)
895 3371 1014 3411 pecc.
1031 3359 1077 3398 E
1189 3355 1226 3379 ⁵2
1255 3357 1323 3397 sui
1337 3359 1446 3420 EFy
1505 3370 1582 3398 sue
1605 3357 1639 3396 0
1679 3406 1682 3409 ¹
1739 3353 1778 3379 5³
1805 3355 2117 3397 vindicandum
2133 3356 2192 3417 Gy
2249 3354 2387 3396 vindi-

391 3431 519 3471 candi
534 3433 576 3471 F
627 3430 821 3472 vindicta
851 3430 922 3471 dei
937 3431 982 3470 E

509 3504 633 3543 ΟΑΡ.
654 3503 724 3542 ΙΙ.
760 3499 776 3523 ¹
796 3501 1042 3555 potenciam
1059 3502 1176 3541 GEF
1215 3501 1578 3555 omnipotenciam
1597 3516 1626 3562 γ
1710 3496 1729 3521 2
1747 3498 1858 3553 legis
1875 3499 1934 3561 Gy
1981 3502 2175 3552 tempore
2189 3490 2298 3552 legis
2307 3497 2393 3538 EF

392 3571 410 3596 3
440 3575 673 3629 accipimus
691 3575 787 3635 OFy
845 3573 1090 3627 accepimus
1105 3574 1150 3613 E
1260 3569 1280 3594 4
1308 3573 1422 3614 clero
1440 3569 1619 3635 OF7,E²
1645 3573 1690 3612 in
1716 3585 1822 3612 mar.
1881 3584 1956 3611 om.
1972 3572 2018 3611 E
