2528 4074
878 414 1180 455 GENERAL
1211 416 1432 456 INDEX.

128 564 389 619 Deliquerat
407 564 549 601 totum
569 572 712 614 genus
731 558 976 600 humanum
1007 560 1106 601 327.

127 622 350 664 Demones
363 618 411 660 in
425 618 597 659 inferno
613 630 703 658 non
717 621 821 658 sunt
827 617 1026 672 ypocrite
1038 619 1106 660 35.

131 680 255 722 -nis
283 676 595 731 interpretacio
627 677 695 717 35.

64 730 68 736 ’
131 751 293 780 -num
322 733 559 789 temptacio
591 734 659 775 91.

126 819 186 828 -
213 795 330 851 legio
361 792 549 834 collecta
576 791 634 833 ad
655 790 898 847 dampnum
919 792 1106 834 ecclesie

125 911 421 956 Demoniacus
448 909 653 950 introitus
682 908 730 949 in
760 908 936 951 ordines
969 909 1037 952 72.

127 984 236 1013 —ca
264 968 445 1012 affeccio
475 968 662 1009 fratrum
688 968 762 1010 40.

128 1028 396 1073 Demonium
425 1026 850 1069 meridianum-612.

38 1087 59 1133 1'5·
69 1139 81 1144 ‚.
126 1088 256 1130 —nia
283 1085 594 1140 intelliguntur
623 1084 764 1141 magis
794 1085 993 1140 perversi
1022 1085 1107 1127 fra-

51 1171 54 1182 =
181 1152 297 1188 trum
328 1146 396 1187 35.

70 1202 71 1205 ’
124 1228 178 1237 —-
206 1203 453 1246 meridiana
481 1202 639 1244 fratres
670 1203 739 1244 36.

36 1284 62 1304 .
124 1287 180 1295 —
209 1262 454 1304 meridiana
483 1266 603 1302 secte
634 1262 705 1303 40.

58 1358 70 1372 ..
121 1321 242 1363 -nii
267 1319 503 1362 meridiani
531 1319 730 1365 condicio
762 1320 860 1362 573.

123 1403 179 1413 -
207 1379 441 1422 meridiani
470 1378 628 1433 rapina
658 1379 728 1420 21.

60 1426 75 1481 :⁷
123 1463 178 1470 --
207 1438 439 1480 meridiani
469 1437 645 1479 cecacio
676 1436 913 1478 manifesta
947 1437 1043 1479 138.

20 1511 30 1543 f
119 1496 562 1540 Demonstracionem
582 1495 834 1542 sensualem
855 1509 945 1537 non
969 1495 1106 1537 habet

75 1559 102 1569 ”
176 1556 405 1598 sentencia
436 1555 533 1597 177.

66 1645 72 1654 2
118 1614 476 1657 Demonstrativo
506 1613 766 1668 pronomine
797 1611 915 1667 (hoc)
938 1612 1104 1655 Cristus

175 1673 394 1715 intellexit
423 1685 599 1728 panem,
633 1685 767 1727 quem
797 1672 932 1727 fregit
963 1673 1061 1715 398.

68 1778 70 1783 ,
118 1731 421 1774 Denunciacio
461 1745 551 1772 non
591 1730 732 1772 omnis
770 1731 1104 1773 sacramentalis

67 1836 69 1838 ,
175 1790 464 1832 reconcilacio
495 1794 563 1831 est
593 1790 691 1832 510.

64 1846 71 1866 ³·
116 1848 454 1905 Depauperacio
485 1852 747 1904 magnatum
778 1849 876 1891 302.

117 1907 436 1964 Depauperare
473 1907 674 1949 homines
712 1912 867 1949 contra
908 1908 1103 1950 caritatis

174 1968 378 2023 regulam
410 1971 477 2008 est
507 1967 606 2019 277,

117 2031 273 2070 ——rant
301 2026 460 2068 fratres
493 2025 604 2067 alios
636 2026 735 2067 369.

67 2098 71 2125 1
120 2108 166 2115 —
201 2084 358 2127 fratres
388 2085 435 2125 in
454 2096 644 2139 persona
674 2097 756 2126 sua
784 2097 925 2140 regna
956 2084 1102 2126 multi-

173 2143 348 2198 pliciter
376 2145 477 2186 464.

113 2202 386 2258 Deprecacio
418 2202 596 2244 assidua
627 2202 817 2243 multum
847 2201 970 2243 valet
1001 2202 1099 2254 345,

12 2239 16 2254 ἶ
66 2255 79 2298 ᾗ
115 2260 381 2317 Deprimens
410 2274 574 2316 papam
594 2260 790 2316 proditor
810 2260 970 2302 dicitur
1001 2261 1099 2303 467.

113 2319 397 2373 Descendere
429 2320 485 2362 de
514 2320 755 2375 pinnaculo
789 2314 886 2361 141.

68 2390 70 2395 ·
114 2378 370 2435 Descripcio
401 2379 646 2435 purgatorii
679 2379 775 2421 146.

115 2437 335 2480 Deserere
357 2439 558 2493 spiritum
589 2442 792 2480 sanctum
824 2434 943 2479 214?

4 2494 13 2518 ¹
69 2533 71 2536 ⁴
114 2518 168 2526 —-
198 2498 385 2539 verbum
415 2498 559 2539 sancti
588 2497 766 2552 spiritus
799 2497 895 2539 186.

68 2583 70 2587 ν
114 2577 167 2584 -
197 2556 437 2611 puritatem
466 2556 580 2612 legis
602 2556 857 2601 domini.est
877 2555 1101 2611 apostasia

113 2672 338 2715 Deserunt
368 2673 543 2716 ordines
581 2679 750 2716 sectam
782 2673 911 2715 Gristi
942 2678 993 2715 ut
1022 2673 1100 2714 mi-

67 2771 73 2775 ,
168 2746 252 2774 nus
281 2733 446 2774 bonam
477 2734 578 2775 363.

115 2814 168 2822 -
198 2795 318 2833 secte
351 2791 540 2833 Cristum
571 2791 732 2834 ducem
762 2792 861 2834 267.

116 2850 260 2892 -itur
274 2850 444 2905 puritas
466 2850 579 2906 legis
599 2850 730 2892 Gristi
746 2863 773 2892 a
788 2850 919 2892 sectis
941 2850 1037 2892 138.

116 2909 340 2951 —endum
370 2923 460 2951 non
492 2922 589 2951 esse
611 2909 810 2951 ordinem
831 2913 993 2964 putant
1013 2909 1098 2951 fra-

114 2969 479 3068 —gffliszibtam
487 3026 618 3068 Cristi
640 3026 870 3082 dampnati
885 3032 989 3069 sunt
999 3028 1020 3068 1
1027 3027 1095 3069 78.

11 3088 15 3099 ’
70 3095 73 3131 ζ
113 3109 168 3116 -
198 3086 373 3141 ingrate
404 3090 571 3127 sectam
603 3085 734 3128 Cristi
766 3087 862 3128 179.

111 3143 346 3186 Desideria
375 3143 560 3186 fratrum
591 3146 661 3187 69.

113 3199 167 3233 2—
198 3203 382 3245 fratrum
414 3204 460 3244 in
490 3203 786 3246 mendicando
818 3205 887 3246 66.

113 3262 244 3303 —riis
273 3261 408 3304 variis
436 3263 682 3304 carnalium
702 3263 983 3318 voluptatum
1004 3277 1097 3304 mu-

168 3320 352 3363 liercule
384 3321 607 3363 ducuntur
636 3323 706 3364 44.

0 3369 4 3376 ³
71 3370 74 3374 ⁷
111 3378 399 3421 Desolabitur
417 3394 606 3436 regnum
625 3381 672 3422 in
702 3393 750 3422 se
781 3381 875 3436 ipso
905 3381 1097 3422 divisum

63 3464 65 3466 -
111 3438 347 3538 Dezssiaeio
379 3496 719 3539 abhominabilis
741 3497 828 3539 dici
847 3503 993 3553 potest
1022 3499 1097 3540 ab·

169 3554 417 3597 hominacio
448 3561 671 3598 sectarum
702 3557 801 3600 333.

119 3614 243 3656 ——nis
273 3613 580 3656 abhominacio
613 3616 710 3657 332.

2079 424 2181 473 745

1197 559 1505 601 Desolacionis
1522 561 1830 603 abhominacio
1846 563 1890 602 in
1908 563 2051 605 Roma
2082 566 2180 607 552.

1196 618 1468 672 Desperacio
1501 624 1653 660 contra
1682 618 1817 661 fidem
1851 621 1946 662 123.

1196 675 1494 730 Despiciende
1526 683 1629 719 sunt
1659 682 1779 719 secte
1814 679 1910 720 184.

1197 734 1385 775 —icitur
1403 747 1485 789 per
1499 736 1660 777 multos
1681 735 1905 778 humilitas
1927 736 2057 779 Cristi
2085 739 2182 781 271.

1194 792 1477 847 Despoliacio
1508 807 1747 850 regnorum
1769 795 1824 836 de
1845 796 2010 850 populo
2033 802 2078 838 et
2091 796 2184 839 the-

1252 863 1386 893 zauro
1416 853 1514 895 603.

1195 910 1499 964 Desponsacio
1531 916 1821 967 cognatorum
1847 911 1972 953 licita
2006 913 2102 955 167.

1201 992 1249 998 -
1274 969 1524 1011 adulterina
1539 984 1641 1012 cum
1656 970 1793 1026 signis
1809 971 2091 1013 sensibilibus
2113 972 2182 1014 26.

1198 1051 1251 1057 —
1284 1040 1311 1069 a
1340 1041 1458 1083 papa
1487 1029 1610 1071 licita
1645 1030 1740 1072 167.

1198 1110 1251 1116 —
1285 1086 1435 1128 divine
1467 1093 1626 1130 nature
1658 1093 1703 1130 et
1724 1093 1879 1131 eterna
1899 1094 1945 1131 et
1963 1094 2184 1145 perpetua

1255 1145 1415 1187 dicitur
1448 1147 1543 1188 163.

1196 1227 1251 1233 —
1283 1209 1501 1259 perpetua
1525 1219 1626 1246 cum
1657 1207 1789 1248 sectis
1817 1207 1886 1250 63.

1195 1263 1469 1318 Desponsari
1507 1278 1608 1305 cum
1639 1264 1901 1308 adulterinis
1931 1265 2183 1308 tradicioni-

1255 1322 1339 1363 bus
1371 1322 1470 1364 289.

1195 1403 1250 1410 -—
1282 1394 1384 1422 cum
1416 1380 1676 1422 adulterinis
1707 1381 1934 1424 ordinibus
1966 1385 2064 1426 298.

1197 1439 1318 1480 —vit
1349 1439 1584 1481 ecclesiam
1616 1439 1726 1481 deus
1756 1446 1885 1495 pater
1918 1443 2014 1485 161.

1192 1498 1493 1552 Despumacio
1525 1498 1836 1541 confusionum
1870 1502 1938 1543 73.

1193 1557 1433 1598 Destillare
1455 1556 1621 1599 debent
1636 1558 1888 1601 sacerdotes
1904 1560 2069 1615 populo
2090 1561 2185 1615 plu-

1251 1616 1372 1657 viam
1403 1617 1627 1671 sapiencie
1661 1618 1729 1658 71.

1192 1675 2185 1720 DestruccionemsectarumCristusinnuit89.

1192 1733 1250 1774 ad
1282 1757 1336 1763 —
1366 1746 1483 1788 pape
1506 1735 1696 1776 ecclesia
1715 1735 1938 1778 laboraret
1968 1737 2065 1779 573.

1191 1793 1436 1834 Destruere
1467 1793 1647 1835 hereses
1677 1794 1810 1836 facile
1843 1800 1910 1836 est
1943 1796 2039 1837 102.

1194 1852 1456 1906 —uitpapa‚
1487 1853 1606 1907 quod
1637 1852 1750 1894 alius
1780 1853 2059 1895 confirmavit
2086 1856 2184 1897 249.

1196 1915 1365 1952 —uunt
1400 1924 1447 1952 se
1493 1912 1610 1966 ipsas
1657 1911 1744 1953 due
1783 1918 1932 1967 partes
1972 1913 2187 1955 anticristi

1193 2028 1398 2070 ——uende
1430 2034 1534 2070 sunt
1562 2034 1680 2071 artes
1712 2029 1998 2073 confederate
2031 2036 2075 2073 et
2106 2031 2186 2088 gil-

1256 2087 1311 2129 de
1344 2088 1442 2129 229.

1193 2146 1390 2187 —uendi
1419 2146 1599 2188 heretisi
1631 2147 1855 2189 manifesti
1888 2150 1956 2190 94.

1192 2205 1247 2247 de
1280 2205 1496 2247 —uendis
1517 2206 1648 2247 sectis
1680 2208 1749 2248 60.

1190 2264 1404 2305 Deteccio
1437 2265 1655 2306 scelerum
1694 2265 1858 2307 ordinis
1888 2267 2071 2321 punitur
2111 2268 2183 2309 40.

1191 2323 1410 2364 Detencio
1432 2323 1598 2365 iniusta
1618 2325 1834 2366 bonorum
1865 2326 2052 2367 ecclesie
2086 2327 2182 2369 137.

1191 2382 1496 2424 Deterioracio
1529 2383 1751 2425 viatorum
1792 2389 1837 2425 et
1876 2385 2074 2439 practica
2104 2398 2184 2427 sue

1249 2441 1380 2495 culpe
1413 2443 1481 2483 93.

1191 2500 1388 2541 —cionis
1406 2500 1593 2542 ecclesie
1610 2501 1841 2542 militantis
1857 2515 2023 2557 magna
2047 2516 2183 2544 causa

1250 2563 1316 2599 est
1346 2559 1626 2601 continuacio
1650 2573 1891 2602 consensus
1923 2562 2022 2603 278.

1188 2617 1513 2659 Deteriorando
1560 2619 1757 2660 militans
1804 2619 1993 2661 ecclesia
2030 2634 2181 2676 proce·

1250 2676 1314 2717 dit
1346 2677 1443 2718 392.

1188 2735 1444 2777 Deteriores
1482 2735 1596 2777 fiunt
1633 2736 1679 2777 in
1711 2736 1888 2778 ordines
1929 2738 2182 2794 ingredien-

1247 2798 1315 2835 tes
1348 2796 1416 2836 96.

1187 2853 1467 2894 Detestanda
1499 2858 1566 2895 est
1595 2854 1868 2897 mendicacio
1903 2857 1999 2898 195.

1186 2912 1459 2966 Deturpacio
1491 2912 1758 2954 feminarum
1788 2915 2003 2956 nobilium
2035 2916 2104 2956 44.

1186 2971 1495 3026 Deturpantur
1522 2972 1687 3014 femine
1720 2985 1748 3013 a
1778 2973 1898 3015 fratr.
1933 2976 2002 3016 36.

1188 3057 1240 3062 -
1274 3043 1457 3084 corpora
1487 3044 1567 3085 per
1595 3029 1862 3073 tradiciones
1894 3033 1992 3075 223.

1117 3115 1119 3117 -
1188 3089 1391 3143 —pando
1422 3103 1607 3131 uxorem
1652 3090 1841 3145 proximi
1876 3092 2182 3145 prevaricatur

1185 3207 1310 3248 Deus
1340 3220 1430 3248 non
1462 3212 1529 3248 est
1559 3212 1715 3248 auctor
1743 3207 1958 3262 peccandi
1991 3209 2089 3251 265.

1186 3290 1244 3296 —
1273 3279 1364 3307 non
1396 3270 1463 3307 est
1483 3270 1637 3307 auctor
1657 3267 2069 3308 monstruositatum
2089 3268 2179 3309 cul-

1244 3324 1462 3379 pabilium
1492 3324 1539 3365 in
1571 3324 1761 3366 ecclesia
1793 3326 1891 3367 266.

1188 3407 1242 3412 —
1275 3383 1430 3424 statuit
1461 3383 1660 3424 ordinem
1691 3384 2001 3426 monachalem
2032 3386 2132 3428 258.

1189 3466 1242 3471 —
1275 3441 1552 3484 sacerdotem
1583 3442 1729 3497 ipsum
1758 3443 1949 3485 instituit
1981 3445 2078 3486 258.

1189 3524 1242 3530 —
1275 3501 1501 3555 sapienter
1532 3501 1608 3542 dat
1638 3501 1838 3556 pluviam
1869 3503 1968 3545 272.

1190 3582 1245 3588 -
1279 3559 1355 3600 dat
1392 3559 1560 3600 homini
1599 3560 1706 3615 quid
1743 3561 2073 3604 racionabiliter
2101 3577 2177 3618 po-

1249 3618 1436 3660 stularet
1468 3620 1565 3660 344.
