2528 4074
133 411 225 450 cap.
265 389 416 450 VIII]
999 386 1327 428 ORUOIATA·
2061 390 2161 443 621

134 541 506 611 predestinacio
544 537 696 590 cristi
747 543 925 587 eterna
978 542 1030 586 et
1074 535 1212 586 salus
1250 535 1414 585 tocius
1453 535 1668 585 ecclesie
1706 535 1993 596 militantis,
2052 554 2167 586 cum

134 631 470 699 probabiliter
512 625 748 686 creditur,
790 623 927 691 quod
963 629 1182 691 utroque
1218 624 1433 674 istorum
1472 621 1736 673 subtracto
1776 623 1840 673 de
1878 623 2048 673 medio
2086 624 2171 675 vel

137 721 415 785 dampnato
465 718 622 766 staret
673 710 892 763 ecclesia
945 709 1102 762 Cristi
1162 711 1405 779 quiecius,
1462 727 1618 778 quam
1672 716 1777 760 stat
1828 710 1996 771 mod0,
2053 728 2171 761 cum

137 806 286 857 multi
335 807 629 870 supponunt
679 798 1018 866 probabiliter
1071 817 1136 850 ex
1173 799 1294 850 vitis
1347 816 1538 860 eorum,
1595 798 1732 866 quod
1785 798 1945 849 nichil
1980 798 2084 849 illis
2123 805 2174 848 et

94 899 119 938 5
137 892 350 946 ecclesie
369 894 559 956 *sancte
598 883 715 938 dei.i

280 976 547 1042 Sillogizat
598 982 771 1026 autem
809 975 977 1026 fidelis
1013 976 1068 1025 in
1107 976 1208 1027 ista
1245 976 1463 1026 materia
1502 974 1858 1026 convincendo
1898 974 2059 1026 verba
2098 992 2173 1025 so-

135 1066 352 1134 phistica
387 1059 733 1114 huiusmodi⁶⁰
758 1064 1029 1130 potestatis
1056 1082 1122 1134 ex
1147 1064 1260 1125 hoc,
1303 1064 1439 1131 quod
1466 1064 1568 1114 fide
1595 1063 1872 1124 credimUS,
1913 1059 2173 1113 nullum⁶¹

133 1153 387 1221 prelatum
430 1150 514 1202 hic
558 1149 752 1202 habere
795 1158 1106 1218 potestatem
1146 1152 1243 1201 nisi
1282 1169 1312 1201 a
1352 1151 1558 1202 domino
1595 1150 1716 1202 Iesu
1756 1147 1980 1202 Cristi.⁶2
2055 1150 2175 1201 Cre-

135 1241 300 1292 dimus
348 1239 579 1304 insuper,
635 1239 772 1306 quod
826 1235 1082 1290 Cristus⁶3
1134 1257 1238 1289 non
1307 1239 1399 1289 dat
1448 1246 1760 1307 potestatem
1822 1240 2018 1290 homini
2080 1239 2177 1289 nisi

65 1335 118 1374 10
132 1326 514 1394 racionabiliter
539 1327 607 1378 ad
634 1328 1018 1379 edificacionem
1046 1327 1277 1389 ecclesie,
1307 1328 1511 1378 dicente
1536 1327 1772 1395 apostolo
1789 1327 1845 1377 II
1863 1326 1979 1378 Cor.
2002 1330 2067 1376 12
2084 1322 2179 1376 :⁶4¹⁶

133 1415 303 1467 omnia
341 1415 491 1477 enim,
527 1414 712 1466 fratres
738 1411 1056 1477 carissimi,⁶⁵
1093 1422 1303 1482 propter
1330 1416 1716 1467 edificacionem
1742 1422 1985 1467 vestram.
2039 1415 2178 1465 Nam

110 1502 330 1571 ⁵Cristus
365 1521 470 1554 non
505 1503 737 1555 habebat
772 1503 871 1555 nisi
908 1503 1194 1554 secundum
1231 1504 1377 1555 illam
1416 1522 1714 1555 mensuram
1752 1504 2052 1555 humanitus
2089 1521 2176 1570 po-

132 1598 384 1653 testatem,
425 1591 622 1643 scilicet
658 1599 870 1660 propter
907 1592 1295 1644 edificacionem
1336 1593 1553 1645 ecclesie
1591 1610 1697 1644 sue.

275 1679 349 1730 Et
385 1697 451 1730 ex
487 1680 584 1730 isto
624 1677 996 1732 convincunt⁶⁶
1033 1680 1212 1732 fideles
1250 1682 1480 1744 ulterius,
1523 1681 1660 1750 quod
1698 1680 1862 1731 multe
1897 1686 2180 1746 potestates

63 1774 117 1813 15
133 1767 248 1819 ficte
285 1767 439 1818 hodie
477 1768 542 1819 de
578 1766 977 1836 indulgenciis⁶⁷
1019 1776 1070 1820 et
1108 1769 1526 1822 absolucionibus
1566 1789 1597 1821 a
1635 1787 1772 1836 pena
1806 1775 1858 1819 et
1884 1765 2099 1835 culpa⁶⁸
2125 1767 2179 1816 in

136 1873 312 1918 causa,
369 1873 468 1923 que
519 1875 624 1908 non
677 1865 828 1909 sonat
877 1858 933 1908 in
986 1859 1373 1911 edificacionem
1427 1859 1665 1920 ecclesie,
1732 1865 1853 1909 sunt
1904 1856 2181 1923 sophistice

48 2014 52 2018 .
135 1951 289 2013 atque
325 1944 472 1995 false.

276 2032 402 2084 Ideo
440 2050 536 2085 nec
564 2033 763 2086 Cristus
801 2053 896 2086 nec
935 2036 1014 2087 sui
1052 2037 1273 2112 apostoli
1310 2055 1406 2088 nec
1446 2036 1607 2104 aliqui
1644 2034 1823 2085 fideles
1850 2033 2005 2085 Cristi
2036 2033 2184 2084 disci-

0 2194 2 2197 .
136 2121 246 2188 puli
294 2122 605 2174 invenerunt
654 2123 748 2175 hos
777 2130 794 2183 ΙΙ
824 2125 1067 2176 terminos
1106 2125 1190 2176 vel
1230 2126 1368 2176 hunc
1421 2125 1633 2175 modum
1679 2123 1961 2175 seducendi
2005 2122 2215 2177 fidelesu
2237 2131 2454 2175 Ofol.141b

0 2247 4 2284 3
65 2215 121 2255 20
138 2206 427 2273 ecclesie,⁶'⁹
466 2217 746 2278 antequam
785 2212 1041 2280 dyabolus
1081 2221 1159 2265 est
1196 2214 1410 2265 solutus.

280 2298 354 2350 Et
405 2317 470 2351 ex
523 2301 706 2353 eadem
757 2301 934 2353 radice
987 2310 1287 2370 supponunt
1336 2302 1529 2364 fideles,
1587 2302 1727 2370 quod
1762 2302 1816 2351 in
1855 2301 2186 2352 confeccione

138 2384 499 2440 eucharistie⁷⁰
537 2407 642 2441 non
673 2389 955 2441 destruitur
979 2391 1213 2442 funditus
1238 2397 1445 2442 terrena
1471 2390 1784 2451 substancia,
1827 2396 1878 2440 et
1904 2389 2041 2457 quod
2069 2407 2185 2440 con-

63 2462 67 2467 *
139 2476 303 2543 geries
341 2477 695 2529 accidencium
748 2497 844 2547 per
896 2497 949 2531 se
997 2487 1186 2530 manet.
1282 2479 1337 2530 Si
1386 2480 1521 2530 enim
1560 2478 1833 2547 presbiteri
1878 2477 2187 2544 regulariter

138 2564 335 2616 habent
368 2566 521 2617 istam
558 2567 955 2619 inestimabilem
994 2575 1320 2636 potestatem,
1361 2568 1559 2619 habent
1594 2568 1762 2635 ipsam
1802 2585 1834 2618 a
1866 2567 1962 2618 deo
1990 2567 2058 2618 ad
2085 2567 2188 2618 edi-

69 2659 124 2699 25
139 2653 436 2705 ficacionem
477 2655 708 2707 ecclesie.
774 2656 880 2708 Sed
919 2675 1018 2724 que
1056 2657 1276 2719 utilitas,
1328 2658 1465 2725 quod
1502 2658 1653 2724 panis
1692 2674 1853 2724 usque
1894 2656 1962 2707 ad
2002 2655 2188 2706 funda-

141 2749 370 2793 mentum
406 2743 461 2793 in
499 2761 558 2794 eo
597 2744 893 2796 destruatur
931 2753 983 2796 et
1020 2763 1196 2797 sensus
1237 2747 1465 2797 omnium
1503 2746 1636 2796 illud
1664 2752 2046 2797 sacramentum
2073 2762 2188 2811 per-

503 2901 723 2959 ‘'epffie
765 2921 879 2948 same
923 2908 1022 2948 idea
1067 2908 1192 2949 below
1236 2908 1282 2948 in
1325 2908 1400 2948 De
1438 2909 1644 2949 Christo
1682 2911 1730 2948 et
1766 2922 1798 2948 s.
1839 2908 1949 2948 adv.
1982 2920 2075 2959 cap.
2115 2906 2197 2946 IX

432 2973 452 3000 '⁶
481 2994 517 3020 v.
541 2984 594 3022 19

261 3106 297 3131 ⁶⁰
326 3109 576 3153 huiusmodi
593 3113 716 3154 BOD
805 3113 935 3155 huius
952 3115 1086 3155 AEG
1235 3111 1270 3137 ⁶¹
1300 3113 1475 3156 nullum
1495 3115 1713 3155 ABODG
1803 3113 1921 3169 quod
1959 3112 2131 3154 nullum
2149 3114 2195 3153 E

210 3185 254 3224 in
274 3186 317 3224 Α
345 3186 382 3226 is
411 3186 511 3228 add.
541 3187 587 3227 in
617 3201 750 3229 mam.-
794 3188 999 3229 Potestas
1029 3188 1172 3229 solum
1202 3200 1230 3230 a
1261 3188 1344 3230 deo
1360 3186 1438 3237 Αἵ,
1468 3191 1536 3230 the
1564 3203 1678 3230 smne
1707 3192 1800 3229 note
1830 3188 1875 3227 in
1895 3188 1941 3228 E
1970 3187 2094 3227 below
2127 3188 2193 3227 the

145 3257 223 3299 col.
256 3258 305 3313 by
334 3255 404 3299 ΕΒ
454 3259 500 3300 im
518 3260 564 3300 D
594 3261 632 3302 is
663 3262 762 3302 add.
796 3261 920 3301 above
951 3262 1018 3301 the
1038 3261 1138 3303 col„-
1169 3261 1282 3304 Fide
1320 3261 1540 3304 credimus
1571 3263 1745 3304 nullum
1775 3261 1995 3317 prelatum
2025 3260 2192 3302 habere

145 3329 216 3372 hic
258 3336 524 3386 potestatem
568 3334 654 3375 nisi
698 3347 726 3375 a
761 3334 938 3376 domino
974 3335 1079 3376 Iesu
1116 3334 1255 3377 Cristo
1276 3334 1340 3377 D¹
1468 3333 1505 3359 ⁶3
1536 3335 1702 3378 Cristus
1721 3337 1891 3376 ΑΒΟΕ
1975 3334 2086 3376 deus
2102 3335 2194 3374 DGt

147 3401 183 3427 ⁶¹
215 3405 292 3446 120
314 3407 530 3448 AODEG
620 3408 673 3450 13
693 3409 735 3448 B
883 3405 920 3431 ⁶⁵
949 3409 1161 3450 carissimi
1178 3406 1432 3462 ABDE‚G3
1468 3412 1651 3452 inserted
1687 3411 1775 3451 into
1807 3411 1875 3450 the
1913 3409 2041 3449 blank
2070 3423 2195 3461 space

203 3479 369 3522 bonum
388 3483 430 3523 G‘
533 3478 569 3504 66
600 3482 870 3524 convincunt
885 3483 1102 3524 ACDEG
1152 3483 1419 3526 convincant
1435 3486 1479 3524 B
1583 3481 1618 3506 ⁶⁷
1648 3485 1694 3524 in
1709 3485 1801 3525 ΑΕ
1818 3484 1855 3524 is
1877 3484 1976 3523 add.
1998 3483 2042 3522 in
2061 3496 2168 3522 mar.
2181 3500 2192 3522 .-

146 3552 437 3610 Indulgencie
455 3552 587 3596 A¹E2
706 3553 743 3578 ⁶⁸
772 3557 905 3611 culpa
928 3558 1145 3598 AODEG
1219 3571 1246 3598 a
1276 3558 1467 3613 culpaB
1594 3555 1629 3580 ⁶⁹
1661 3557 1848 3599 ecclesie
1866 3552 2121 3603 BODGAE³
2151 3556 2195 3596 in

148 3640 253 3669 mar.
313 3642 390 3670 om.
407 3630 498 3670 ΑΕ
583 3626 620 3652 ⁷⁰
647 3631 693 3671 im,
713 3632 805 3671 ΑΕ
821 3632 858 3672 is
889 3632 988 3673 add.
1019 3632 1064 3672 in
1093 3645 1223 3673 mam..-
1255 3631 1594 3674 Sacramentum
1616 3629 1750 3673 A¹E2

144 3179 181 3205 62
