2528 4074
32 2240 34 2246 ,
101 2222 155 2228 -
187 2198 418 2253 dampnati
447 2198 691 2254 gravedine
721 2211 838 2254 pene
871 2200 968 2241 351.

34 2553 38 2556 ’
99 2551 264 2592 Parum
295 2551 350 2593 de
373 2551 503 2593 Oristi
520 2551 697 2608 legibus
723 2565 842 2608 papa
872 2552 955 2593 scit
987 2553 1083 2594 129.

31 2719 34 2725 .
98 2669 230 2710 Pasci
258 2669 416 2710 volunt
444 2669 602 2711 fratres
631 2669 732 2724 plus
763 2682 898 2725 quam
929 2669 1086 2711 domus

27 2899 41 2958 ’ἡ
102 2925 157 2934 --
189 2916 324 2959 quam
354 2904 461 2945 facit
481 2903 698 2958 dyabolus
725 2904 994 2946 fraternitati
1015 2906 1084 2947 58.

103 3629 156 3637 -
190 3607 391 3650 defectus
422 3609 520 3651 671.

869 414 1172 455 GENERAL
1204 414 1426 454 INDEX.
2061 422 2088 469 7
2096 421 2125 468 9
2135 424 2164 471 7

29 555 50 590 Ἴ
106 561 214 601 Pars
235 559 533 614 quantitativa
553 563 599 601 et
620 557 883 613 qualitativa
897 558 1089 612 corporis
1177 558 1365 599 Pasture
1395 558 1574 612 publice
1606 558 1809 599 ordinum
1844 560 1939 604 102,

8 647 26 665 .
167 619 264 659 660.
1178 616 1313 657 Pater
1343 616 1509 671 duplex
1538 616 1725 656 fratrum
1755 617 1854 657 463.

0 671 59 722 ¹³³⁷,
84 699 161 706 -—
194 676 385 730 corporis
416 675 582 730 duplex
612 678 679 715 est
710 674 807 715 660.
1091 681 1099 691 “
1179 696 1231 703 —
1264 675 1492 728 putativus
1523 674 1690 714 domini
1720 675 1818 715 458.

8 752 12 782 ;
107 757 161 765 —-
191 734 330 776 tercia
361 733 548 775 ecclesie
577 731 826 773 infirmatur
856 732 954 773 243.
1179 756 1233 761 —
1265 732 1487 773 mendacii
1515 745 1635 786 papa
1666 736 1734 773 est
1764 734 1862 774 349.

8 808 12 818 ¹
54 788 57 793 ’
106 792 218 834 -tis
249 791 428 846 dyaboli
459 790 676 832 exaltacio
704 803 784 845 per
802 803 966 845 papam
987 791 1086 832 601.
1177 814 1235 820 -
1263 790 1487 832 mendacii
1520 790 1776 845 principalis
1806 795 2026 832 sectarum
2058 806 2166 846 qua-

104 865 183 906 pro
216 873 269 880 -
306 862 440 904 opere
483 848 699 890 laudabili
741 853 885 890 totum
930 862 1088 904 corpus
1234 853 1335 890 tuor
1367 850 1463 890 196.

1179 931 1233 937 —
1266 920 1484 949 excecans
1515 907 1713 948 animum
1743 907 1930 948 fratrum
1962 910 2030 949 51.

1178 989 1232 996 —
1254 971 1432 1021 patrum
1449 965 1748 1008 dehonoratur
1763 978 1791 1007 a
1805 966 2049 1008 monachus
2067 968 2165 1009 131.

1177 1048 1232 1054 —
1263 1025 1486 1067 mendacii
1516 1025 1748 1066 adinvenit
1778 1024 1954 1066 ordines
1986 1026 2054 1067 26.

1180 1107 1232 1113 --
1266 1089 1311 1125 et
1339 1083 1432 1124 filia
1462 1084 1656 1126 invicem
1686 1084 1914 1139 coniugati
1947 1085 2043 1126 167.
2067 1080 2069 1082 ’

1177 1166 1231 1172 —-
1265 1147 1332 1184 est
1363 1142 1562 1184 essencia
1592 1142 1767 1184 trinitas
1800 1143 1897 1184 163.

1178 1224 1232 1230 —
1265 1205 1333 1242 est
1362 1201 1648 1242 ineffabiliter
1679 1201 1788 1242 deus
1822 1203 1919 1243 163.

160 908 435 950 laudandum
466 909 564 950 325.

103 970 314 1068 pugg-te
343 971 486 1007 totum
522 966 766 1021 premietur
804 971 850 1008 et
876 967 1089 1022 puniatur

58 1090 61 1094 ⁴
105 1088 229 1126 —tes
262 1083 447 1125 ecclesie
480 1084 578 1125 707.

106 1166 159 1172 —
191 1147 282 1183 tres
314 1141 501 1183 ecclesie
535 1142 639 1195 1443
676 1141 794 1183 147?

105 1225 156 1231 —
187 1200 317 1256 regni
347 1200 421 1242 dei
450 1199 642 1243 fideliter
671 1201 843 1243 faciunt
873 1201 992 1256 quod
1024 1201 1087 1243 eis

160 1259 321 1301 attinet
351 1259 450 1300 242.
1177 1283 1233 1290 —-
1263 1260 1364 1314 plus
1395 1260 1540 1315 diligit
1568 1259 1710 1300 filium
1742 1261 1839 1302 162.

103 1318 278 1359 —cium
317 1330 499 1359 suarum
534 1330 653 1372 pena
690 1317 920 1372 dampnati
954 1318 1087 1374 parti-
1180 1341 1232 1348 -
1264 1318 1598 1359 mendaciorum
1629 1319 1697 1360 27.

161 1377 312 1431 cipant
343 1377 441 1418 326.
1177 1400 1231 1406 —
1263 1377 1488 1418 mendacii
1519 1376 1670 1418 docuit
1699 1381 1842 1419 sectas
1862 1377 2170 1433 irregulariter

49 1438 57 1474 «ἶ
102 1458 156 1466 -
186 1448 368 1476 suarum
411 1435 580 1490 premio
633 1434 863 1490 dampnati
911 1435 1086 1490 partici-
1236 1435 1489 1477 mendicare
1521 1436 1620 1477 368.

103 1533 107 1537 .
157 1498 267 1549 pant
297 1494 396 1536 326.
1177 1498 1348 1535 —trem
1377 1494 1505 1549 sequi
1534 1494 1749 1536 debemus
1787 1494 1835 1535 in
1866 1495 2060 1536 moribus
2089 1508 2168 1550 pa—

103 1575 155 1582 —
189 1552 447 1594 commixcio
479 1553 577 1594 659.
1233 1552 1432 1594 trizando
1465 1553 1563 1595 326.

102 1634 156 1641 —
187 1612 320 1653 trium
351 1610 624 1652 mendicacio
657 1612 755 1653 195.
1174 1612 1291 1653 inter
1307 1635 1360 1642 —
1380 1616 1424 1653 et
1438 1611 1576 1652 filiam
1592 1611 1815 1653 subieccio
1831 1612 2048 1653 naturalis
2066 1613 2166 1654 167.

158 1733 246 1770 test
276 1733 322 1770 et
349 1727 540 1784 negligit
573 1729 669 1770 137.
1178 1753 1232 1758 ——
1263 1730 1326 1784 pii
1355 1729 1503 1771 vocati
1533 1729 1719 1770 fratrum
1751 1731 1821 1771 48.

102 1787 280 1842 —cipes
309 1787 356 1828 in
377 1786 523 1828 errore
544 1791 647 1828 sunt
667 1787 843 1829 ordines
858 1788 964 1830 novi
985 1789 1084 1830 225.
1178 1811 1232 1817 —
1263 1788 1431 1843 priores
1462 1788 1602 1829 movit
1632 1787 1741 1830 deus
1772 1790 1842 1830 93.

99 1846 392 1901 Participacio
428 1846 740 1900 temporalium
777 1859 863 1888 nec
902 1847 1087 1889 mortuis

158 1918 243 1946 nec
272 1905 387 1946 vivis
415 1904 596 1959 prodest
625 1905 724 1947 247.

1174 1847 1427 1888 Paternitas
1448 1860 1475 1888 a
1497 1846 1637 1888 Oristo
1669 1847 1918 1902 quebilibet
1948 1852 2166 1903 generata

1177 1906 1671 2006 —ezzrlaffinominatur
1715 1977 1743 2005 a
1786 1964 1929 2019 prima
1973 1977 2165 2019 persona

1235 2023 1387 2065 divina
1420 2025 1523 2065 163-

102 1986 156 1993 -
188 1963 354 2018 speciei
384 1965 482 2005 706.

100 2022 156 2064 de
187 2022 374 2064 —cione
404 2021 622 2064 oracionis
653 2023 752 2064 344.

99 2081 375 2136 Participant
410 2080 612 2123 homines
650 2080 723 2123 dei
759 2081 922 2123 iudicio
958 2081 1086 2137 penis
1174 2086 1372 2124 —tatem
1402 2082 1592 2124 tacendo
1630 2086 1830 2123 reservat
1860 2081 2026 2123 Cristus
2065 2083 2166 2124 165.

1174 2140 1440 2182 Patriarchis
1468 2141 1595 2182 licuit
1623 2153 1826 2196 pugnare
1858 2141 1957 2183 628.

1173 2200 1220 2241 in
1253 2222 1301 2230 --
1338 2213 1461 2241 amor
1490 2200 1630 2241 maior
1662 2200 1758 2241 166.

1173 2259 1355 2300 Patricii
1383 2259 1690 2314 purgatorium
1723 2259 1820 2300 148.

1173 2318 1495 2359 Patrimonium
1526 2317 1724 2360 crucifixi
1756 2318 1856 2360 683.

1173 2376 1439 2418 Patrizando
1484 2376 1532 2417 in
1578 2376 1772 2418 moribus
1816 2380 1991 2431 patrem
2037 2375 2168 2430 sequi

1233 2435 1447 2477 debemus
1479 2436 1578 2477 326.

1173 2494 1394 2536 Patronus
1423 2494 1573 2535 nullus
1593 2493 1774 2549 prodest
1792 2493 1839 2534 in
1869 2493 2059 2535 ecclesia
2089 2493 2167 2534 do-

1233 2553 1342 2594 mini
1373 2555 1471 2595 300.

1175 2635 1229 2641 -
1261 2613 1462 2667 privatus
1507 2611 1650 2667 magis
1687 2610 1928 2652 honoratur
1966 2624 1993 2652 a
2034 2611 2168 2653 sectis

157 2140 342 2181 flatrum
373 2141 472 2182 331.

98 2271 179 2312 per
226 2257 600 2312 Participanciam
655 2270 775 2313 pena
830 2258 1086 2313 temporalis

158 2315 317 2358 cedere
354 2321 503 2371 potest
539 2316 597 2358 ad
636 2317 844 2359 meritum
871 2317 1085 2372 predesti-

157 2374 252 2416 nati
282 2376 380 2417 331.

98 2433 146 2474 in
174 2433 402 2475 Particula
420 2434 564 2489 prima
583 2434 784 2476 mandati
803 2434 934 2489 primi
953 2434 1084 2477 homo

158 2491 308 2534 deficit
339 2493 437 2535 123.

99 2610 393 2664 Parvipencio
412 2610 674 2665 blasphema
695 2610 861 2653 domini
891 2610 964 2652 dei
985 2611 1084 2653 298.

1234 2684 1369 2726 quam
1401 2670 1568 2712 Cristus
1602 2671 1698 2712 140.

1176 2752 1231 2758 —-
1264 2729 1432 2771 Cristus
1463 2734 1531 2771 est
1559 2728 1717 2784 regula
1748 2730 1818 2771 64.

1176 2811 1231 2818 —-
1262 2788 1502 2844 peccabilis
1531 2788 1672 2830 nutrit
1700 2788 1843 2828 multa
1872 2787 1997 2828 milia
2027 2788 2126 2830 525.

1175 2870 1231 2877 -
1263 2848 1370 2889 cleri
1399 2847 1567 2889 cesarei
1599 2851 1665 2888 est
1692 2859 1811 2901 papa
1843 2847 1940 2888 173.

1177 2929 1229 2935 -
1264 2906 1450 2948 ecclesie
1481 2906 1630 2947 nullus
1660 2906 1778 2960 prior
1806 2910 1927 2947 secte
1959 2906 2028 2946 64.

1178 2987 1230 2994 —-
1263 2965 1468 3007 ordinum
1497 2978 1577 3006 rex
1607 2964 1814 3019 superbie
1847 2964 1915 3005 51.

1175 3047 1230 3053 —
1262 3029 1382 3066 secte
1414 3024 1621 3065 cristiane
1651 3024 1777 3064 Iesus
1808 3023 1878 3064 22.

1175 3104 1230 3112 —
1263 3083 1460 3138 obligato
1490 3096 1582 3124 non
1613 3081 1762 3123 deficit
1794 3083 1891 3123 185.

1175 3141 1232 3183 ad
1264 3142 1369 3182 —ni
1389 3141 1618 3196 sequelam
1638 3140 1738 3196 plus
1759 3140 2005 3182 attenditur
2027 3153 2165 3195 quam

159 2726 326 2769 domini
356 2728 454 2770 370.

99 2799 190 2827 non
221 2791 440 2828 -cuntur
469 2786 624 2841 populi
653 2786 804 2829 debite
835 2787 933 2829 272.

99 2845 253 2886 Passio
283 2845 463 2887 Andree
495 2847 564 2888 68.

101 2974 158 3003 ex
189 2963 380 3004 —sionis
409 2963 575 3005 virtute
607 2963 757 3019 gracia
784 2963 1087 3018 superhabun-

159 3020 270 3062 dans
309 3022 406 3064 123.

100 3092 180 3134 per
210 3093 371 3122 -nem
417 3080 584 3122 domini
627 3080 886 3122 vulneracio
938 3080 1086 3123 anime

159 3138 411 3193 specialiter
441 3143 508 3182 est
536 3139 692 3181 adiuta
724 3140 820 3182 125.

100 3196 306 3239 Pastores
335 3211 426 3239 non
455 3198 631 3240 fundati
650 3198 697 3239 in
720 3197 809 3240 fide
830 3211 908 3254 spe
941 3203 987 3241 et
1016 3211 1086 3241 ca·
1235 3200 1364 3242 Cristi
1395 3201 1493 3242 251.

158 3255 290 3298 ritate
320 3256 419 3298 673.
1176 3273 1370 3301 ——onum
1399 3258 1663 3300 confitemur
1680 3257 1870 3299 Cristum
1897 3258 2040 3300 solum
2062 3258 2168 3300 275.

26 3354 29 3358 .
102 3336 156 3343 —
189 3313 356 3356 debent
394 3314 583 3357 Cristum
629 3315 757 3371 sequi
800 3316 848 3358 in
892 3317 1087 3359 moribus
1176 3339 1231 3347 —-
1262 3332 1403 3359 unum
1432 3317 1601 3359 habent
1629 3322 1750 3358 secte
1782 3318 1880 3359 184.

161 3373 260 3414 672.
650 3390 652 3393 ⁴
1176 3377 1308 3418 -oni
1338 3381 1558 3418 sectarum
1591 3377 1694 3430 1733
1729 3376 1827 3418 299.

103 3453 157 3459 -
189 3432 337 3487 gregis
358 3431 525 3474 domini
544 3433 700 3488 quales
720 3433 808 3476 sint
834 3433 993 3477 fratres
1015 3435 1084 3477 56.

103 3511 157 3519 —
187 3491 386 3545 perversi
414 3491 462 3531 in
491 3492 788 3534 mercenarios
819 3493 918 3534 671.

1176 3459 1230 3464 —
1260 3435 1531 3490 prelatorum
1563 3436 1662 3477 548.

1176 3517 1228 3524 -
1261 3494 1463 3536 moderni
1492 3498 1645 3535 sancte
1675 3493 1885 3535 vixerunt
1914 3493 2014 3534 454.

1177 3575 1230 3583 —-
1261 3553 1375 3595 varii
1403 3553 1590 3594 fratrum
1623 3553 1720 3594 173.

1176 3635 1229 3641 —-
1262 3611 1465 3654 ordinum
1496 3616 1547 3653 ut
1576 3611 1637 3652 sic
1666 3614 1966 3666 peccaverunt
2001 3610 2104 3651 453.

66 1672 81 1679 ‘
100 1671 329 1725 Particeps
359 1669 510 1711 delicti
538 1668 589 1710 fit
625 1669 702 1724 qui
740 1669 980 1712 emendare
1010 1684 1086 1725 po·
1175 1674 1323 1712 -tres
1352 1671 1520 1726 priores
1550 1670 1868 1711 monachorum
1902 1673 1999 1713 131.

103 3562 258 3589 —rum
289 3549 498 3604 superbia
528 3555 573 3592 et
601 3550 820 3606 cupiditas
852 3552 950 3594 672.
