2528 4074
884 420 1187 461 GENERAL
1218 419 1439 462 INDEX.

153 573 276 615 Deus
304 583 394 611 non
421 572 567 623 potest
595 567 658 609 sic
678 565 946 608 constituere
968 576 1132 619 papam

210 628 423 671 vicarium
453 640 594 678 suum,
625 624 708 666 nisi
731 637 831 665 cum
851 622 934 664 hoc
953 623 1037 664 sibi
1056 636 1133 663 110-

210 687 359 730 ticiam
389 684 608 727 conferret
637 683 736 726 511.

67 729 71 735 Ι
153 746 239 789 Dei
268 756 403 800 opera
430 743 629 799 perfecta
658 745 761 783 sunt
791 740 897 794 2663
931 739 1028 781 712.

155 828 208 836 -
238 801 513 857 blasphemia
541 799 779 842 manifesta
809 799 878 840 56.

155 886 208 894 —-
238 860 444 917 potencia
471 873 562 901 non
591 858 810 900 exhausta
839 857 937 899 617.

157 942 210 952 -
242 918 429 962 ecclesia
460 922 526 959 est
555 931 696 959 unum
727 929 885 971 corpus
915 915 1014 958 325.

156 1001 212 1011 -
238 978 386 1033 legem
415 975 724 1032 derelinquere
754 975 854 1017 299.

156 1060 208 1069 -
240 1035 470 1078 dileccioni
499 1035 732 1077 intendere
764 1034 862 1076 145.

41 1075 82 1171 br?
155 1118 209 1128 —
239 1098 285 1137 et
313 1093 493 1148 dyaboli
529 1093 749 1136 exercitus
784 1095 1135 1147 compugnantes

202 1153 309 1210 323.

155 1235 210 1243 -
241 1211 500 1267 capitaneus
531 1215 599 1252 est
629 1209 794 1252 Cristus
826 1211 926 1252 323.

153 1293 209 1303 —
240 1270 479 1312 exercitum
503 1269 720 1323 dyabolus
740 1269 1009 1324 sophismate
1038 1281 1136 1323 pos·

210 1334 278 1371 set
305 1341 514 1383 superare
545 1329 645 1370 324.
730 1357 741 1359 -

157 1411 211 1419 —
239 1387 413 1442 legibus
443 1387 631 1429 subiecti
650 1399 730 1441 per
748 1398 1003 1441 processum
1025 1389 1136 1426 tem-

209 1446 326 1502 poris
355 1445 612 1487 notabiliter
641 1448 902 1487 erraverunt
932 1445 1031 1486 273.

153 1528 209 1536 -
237 1504 375 1560 patris
403 1504 683 1546 voluntatem
711 1503 842 1546 homo
871 1503 1008 1545 faciat
1039 1503 1135 1544 165.

46 1543 70 1587 2²
99 1564 104 1568 '
155 1586 210 1593 —
239 1563 404 1605 noticia
435 1567 480 1604 et
510 1576 633 1605 amor
651 1563 843 1605 invicem
864 1574 1136 1617 consequen·

44 1626 62 1641 ..

211 1626 279 1664 tes
309 1626 412 1663 sunt
441 1622 540 1663 211.

153 1703 209 1712 —
238 1680 377 1722 honor
407 1681 475 1722 79.
539 1707 541 1709 ν

28 1718 74 1805 Ἷζ
154 1761 208 1771 -
241 1743 286 1781 et
313 1739 542 1781 hominum
567 1738 816 1793 proditores
847 1742 966 1780 secte
997 1737 1068 1779 42.

154 1820 208 1829 -
240 1810 375 1853 opera
419 1798 466 1838 in
511 1797 737 1839 ordinibus
786 1797 1017 1839 salvantur
1062 1809 1137 1838 eos

211 1856 463 1912 dissipando
495 1856 594 1899 228.

70 1893 75 1969 ᾗ
149 1923 208 1947 ’-
238 1916 387 1958 unitas
418 1916 515 1958 380.

155 1997 209 2004 --
238 1974 477 2030 temptacio
510 1974 607 2016 111.

15 2034 20 2038 ”
57 2034 78 2082 ,”
155 2056 209 2063 -
241 2033 426 2075 (11100010
459 2033 558 2075 528.

158 2115 207 2123 -·
240 2092 416 2134 bonitas
446 2091 628 2134 cuilibet
664 2096 866 2134 creature
896 2092 1062 2133 bonum
1094 2090 1140 2132 fi-

67 2174 89 2202 ;-,
210 2164 314 2193 110111
343 2151 477 2192 infert
506 2150 604 2192 212.

71 2207 79 2214 '
155 2233 210 2240 —
241 2209 322 2251 filii
335 2209 636 2251 transformati
651 2210 698 2251 in
713 2209 826 2251 filios
843 2209 1023 2263 dyaboli
1039 2209 1138 2251 222.

157 2291 209 2300 -
241 2269 354 2324 legis
384 2268 529 2324 ignari
559 2281 665 2324 sepe
696 2273 801 2310 sunt
820 2281 1009 2324 persone
1041 2269 1140 2311 250.

157 2350 210 2358 —
223 2340 388 2370 nomen
402 2327 450 2368 in
465 2327 848 2370 coniuracionibus
865 2327 1025 2369 dicitur
1040 2328 1140 2370 262.

155 2409 210 2416 -
242 2386 399 2428 citacio
438 2398 544 2441 sepe
575 2386 839 2429 citacionem
868 2386 1140 2441 prelatorum
1207 2416 1211 2421 -

213 2445 394 2487 frustrat
425 2445 523 2487 548.

81 2497 83 2501 ¹
157 2526 211 2533 -
243 2503 400 2546 citacio
432 2504 531 2546 547.

72 2576 74 2578 ’
156 2562 213 2604 ad
242 2586 299 2593 —
329 2562 587 2618 ymaginem
616 2562 746 2605 homo
768 2563 913 2604 factus
945 2567 1011 2604 est
1042 2564 1140 2605 212.

155 2621 213 2663 ad
244 2645 295 2651 —
331 2621 665 2663 similitudinem
694 2622 961 2663 universitas
992 2626 1144 2663 creata

212 2680 357 2722 tendit
387 2681 486 2722 229.

156 2752 212 2782 ex
243 2763 297 2769 —
329 2739 556 2794 sapiencia
585 2738 703 2781 dona
722 2738 976 2781 intellectus
994 2752 1145 2794 proce-

215 2797 327 2839 dunt
356 2798 455 2839 212.

156 2856 400 2899 secundum
435 2880 479 2887 -
518 2856 643 2913 leges
674 2855 862 2898 ecclesia
893 2860 959 2897 est
988 2868 1145 2912 regen-

216 2915 274 2957 da
304 2916 403 2957 241.

158 2987 214 3017 ex
244 2997 297 3004 -
331 2973 493 3015 iudicio
537 2973 652 3016 iusto
690 2973 937 3029 puniuntur
966 2973 1144 3029 presciti

157 3092 256 3134 Deo
286 3091 368 3133 soli
397 3091 607 3146 competit
642 3091 836 3133 sciencia
873 3092 978 3133 artis
1009 3095 1144 3133 statu-

217 3149 322 3192 endi
351 3150 614 3206 religionem
645 3150 746 3192 495.

151 3233 213 3253 .—
231 3221 411 3251 servare
437 3208 603 3251 debent
625 3207 781 3251 fideles
797 3208 916 3263 quod
933 3213 1000 3250 est
1015 3221 1144 3250 suum

161 3350 215 3357 —
247 3326 358 3367 nihil
390 3330 457 3368 est
485 3325 742 3368 indifferens
774 3327 843 3368 61.

161 3397 189 3427 a
218 3409 272 3416 -—
304 3385 475 3440 premia
504 3384 608 3426 totis
637 3385 815 3427 racione
845 3384 982 3439 partis
1011 3385 1146 3427 tribu-

219 3449 356 3486 untur
387 3444 485 3486 326.

161 3515 189 3544 a
218 3526 273 3532 —
295 3516 387 3544 non
406 3506 526 3543 totus
547 3501 652 3543 ordo
675 3506 742 3544 est
760 3501 1012 3543 laudandus
1044 3502 1143 3545 326.

161 3573 190 3603 a
210 3585 264 3592 —
286 3560 553 3616 stipendium
570 3565 832 3616 exspectant
846 3560 1036 3603 humiles
1050 3573 1147 3616 per-

220 3632 326 3663 sone
358 3620 457 3662 270.

2102 427 2204 475 747

1222 564 1393 664 (1012Ξο
1409 563 1539 604 1101110
1556 565 1723 619 cogitat
1742 565 1788 604 in
1810 569 1926 606 statu
1948 566 2210 608 innocencie

1223 694 1279 722 ex
1310 703 1363 709 —
1397 692 1575 735 quoque
1606 679 1725 720 mala
1755 680 1858 721 oriri
1887 694 2017 734 posse
2058 681 2210 723 dicun-

1279 743 1353 780 tur
1383 739 1482 781 229.

1224 811 1279 839 ex
1311 819 1366 826 —
1400 802 1467 838 est
1497 796 1657 838 caritas
1688 797 1757 849 62,

1221 856 1269 897 in
1301 879 1355 885 -—
1386 869 1477 897 non
1507 860 1610 897 sunt
1641 859 1708 896 est
1738 859 1784 896 et
1812 869 1903 896 non
1936 856 2032 897 190.

1221 915 1268 956 111
1299 937 1354 943 -
1386 918 1621 968 peccatum
1650 914 1813 967 ydeam
1833 927 1925 955 non
1944 913 2080 955 habet
2110 915 2211 958 265.

1222 973 1269 1014 in
1301 996 1355 1003 —
1388 972 1684 1014 contradiccio
1714 985 1811 1014 esse
1831 986 1922 1014 non
1942 977 2089 1028 potest
2109 974 2209 1015 462.

1222 1033 1372 1074 Deum
1402 1032 1655 1086 specialiter
1682 1031 1845 1073 imitari
1875 1031 2061 1072 debmus
2093 1032 2191 1074 326.

1225 1115 1280 1120 -—
1312 1091 1530 1132 honorare
1571 1090 1706 1132 debet
1742 1090 1872 1132 homo
1918 1090 1965 1131 in
2009 1090 2215 1132 omnibus

1282 1149 1460 1191 vicariis
1488 1149 1728 1191 honoribus
1762 1150 1858 1191 173.

1227 1231 1280 1237 ——
1313 1208 1517 1250 assistere
1547 1208 1715 1249 homini
1745 1221 1929 1250 necesse
1961 1213 2028 1250 est
2061 1208 2160 1250 129.

1226 1293 1280 1299 —
1313 1279 1580 1322 cognoscere
1610 1267 1910 1308 necessarium
1943 1272 2010 1308 est
2039 1267 2138 1309 210.

1226 1349 1281 1355 -
1313 1325 1541 1367 constituit
1561 1325 1680 1380 quod
1710 1325 1852 1380 magis
1883 1325 2083 1381 diligitur
2115 1326 2214 1368 120.

1224 1384 1271 1425 in
1303 1407 1358 1413 —
1390 1383 1640 1425 sollicitudo
1671 1384 1856 1425 fratrum
1887 1385 1957 1426 57.

1224 1443 1271 1484 in
1303 1466 1357 1472 ——
1390 1442 1571 1484 credere
1606 1443 1702 1484 118.

1224 1501 1272 1543 in
1303 1525 1357 1531 —
1389 1501 1701 1556 blasphemant
1731 1501 1907 1543 ordines
1937 1502 2036 1544 212.

1225 1561 1271 1601 in
1302 1584 1356 1590 —
1388 1560 1698 1614 blasphemare
1729 1559 1828 1602 210.

1225 1633 1306 1674 per
1336 1643 1390 1648 —
1424 1618 1610 1660 donacio
1641 1618 1720 1660 fiat
1748 1619 1847 1661 373.

1226 1678 1374 1720 Devia
1417 1678 1464 1718 in
1502 1678 1794 1733 grammatica
1829 1678 1975 1733 logica
2006 1683 2051 1719 et
2080 1682 2219 1719 meta-

1285 1737 1469 1792 physica
1500 1738 1598 1779 222.

1227 1796 1424 1837 Deviare
1462 1808 1491 1837 a
1531 1795 1705 1837 iusticie
1735 1795 1990 1837 tradicionis
2021 1794 2217 1836 humane

1287 1854 1611 1909 complemento
1645 1855 1742 1896 132.

1228 1914 1409 1955 Devicit
1442 1913 1636 1968 populus
1673 1913 1873 1955 desertus
1912 1913 1958 1954 in
2003 1911 2222 1968 spirituali

1290 1977 1468 2027 pastore
1502 1973 1599 2014 134.

1229 2030 1484 2073 Devitende
1500 2031 1763 2072 suntfabule
1780 2030 1836 2072 (10
1845 2030 2101 2086 purgatorio
2120 2031 2218 2072 148.

1229 2103 1311 2146 per
1340 2090 1535 2131 Devium
1566 2090 1804 2131 intellectis
1835 2089 2053 2143 dyabolus
2082 2088 2220 2130 homi·

1288 2162 1369 2190 nes
1399 2149 1445 2189 in
1475 2149 1699 2190 infernum
1731 2148 1949 2204 demergit
1980 2149 2078 2190 213.

1230 2207 1384 2249 Diccio
1414 2208 1655 2249 temeraria
1685 2208 1783 2250 350.

1229 2266 1411 2308 Dictum
1428 2266 1559 2308 Cristi
1574 2266 1692 2308 dicta
1708 2267 1893 2308 fratrum
1911 2265 2090 2307 excellit
2119 2267 2219 2307 466.

1236 2349 1281 2355 -
1321 2325 1448 2367 Cristi
1479 2325 1534 2366 de
1563 2324 1763 2367 Scarioth
1793 2339 1901 2366 num
1931 2324 2100 2366 heresis
2131 2337 2223 2365 ma-

1289 2384 1453 2426 nifesta
1484 2385 1586 2429 364.

1234 2467 1287 2473 —
1319 2443 1449 2485 Pauli
1480 2443 1536 2485 de
1565 2443 1682 2498 lupis
1711 2443 1947 2498 rapacibus
1967 2441 2224 2484 verificatur

1290 2501 1346 2544 de
1378 2502 1507 2543 sectis
1540 2503 1608 2544 20.

1234 2566 1337 2602 —ta
1346 2560 1401 2602 de
1417 2561 1775 2603 absolucionibus
1783 2574 1874 2602 non
1891 2565 1995 2602 sunt
2010 2564 2060 2601 ut
2075 2571 2222 2601 ewan-

1292 2619 1459 2676 gelium
1491 2620 1715 2662 credenda
1747 2621 1846 2662 628.

1232 2679 1342 2720 Dies
1373 2678 1525 2720 iudicii
1559 2680 1656 2721 129.

1234 2761 1288 2767 -—-
1320 2737 1472 2779 iudicii
1491 2751 1628 2792 prope
1657 2742 1725 2779 est
1755 2739 1853 2779 598.

1233 2820 1287 2826 —
1320 2796 1471 2838 iudicii
1500 2810 1590 2838 non
1630 2797 1724 2849 erit,
1758 2800 2000 2851 antequam
2031 2794 2222 2850 predest.

1291 2868 1503 2897 numerus
1535 2856 1591 2897 sit
1621 2855 1867 2910 completus
1899 2855 1998 2896 598.

1232 2914 1319 2956 Die
1340 2913 1485 2955 finalis
1501 2914 1654 2956 iudicii
1674 2914 1782 2970 quid
1802 2913 1951 2955 clerici
1971 2912 2225 2967 responsuri

1293 2973 1380 3014 sint
1411 2973 1509 3015 246.

1232 3031 1507 3074 Differencia
1535 3032 1652 3074 inter
1681 3044 1921 3087 paucoram
1953 3043 2088 3085 quam
2118 3029 2226 3071 facit

1294 3090 1510 3144 dyabolus
1563 3091 1706 3133 ordini
1757 3095 1802 3132 et
1861 3089 2220 3143 temptacionem,

1293 3162 1427 3205 quam
1465 3149 1572 3191 facit
1603 3150 1821 3204 dyabolus
1852 3152 2148 3190 commomntt
2177 3147 2224 3187 in

1291 3209 1441 3250 seculo
1473 3210 1543 3251 58.

1232 3290 1290 3297 -
1320 3267 1651 3322 impossibilitas
1684 3267 1752 3308 61.

1233 3325 1515 3367 Difficultare
1547 3339 1594 3367 se
1626 3325 1684 3367 ad
1714 3325 1923 3366 meritum
1957 3325 2054 3366 142.

1234 3390 1359 3426 —tat
1397 3385 1650 3426 anticristus
1696 3383 1930 3425 ecclesiam
1975 3382 2225 3425 cerimoniis

1292 3444 1421 3485 novis
1453 3444 1551 3485 262.

1238 3526 1292 3533 —-
1309 3503 1526 3544 viatorem
1543 3501 1742 3543 condicio
1759 3500 1992 3555 culpabilis
2007 3500 2099 3542 vite
2124 3501 2222 3542 501.

1235 3561 1546 3603 Diffiniciones
1578 3573 1694 3615 pape
1725 3574 1833 3601 num
1863 3558 1974 3601 fides
2007 3561 2105 3602 676.

1235 3619 1441 3662 Diffinire
1471 3625 1640 3661 temere
1672 3624 1826 3660 auctor
1854 3618 1965 3659 nihil
1985 3618 2063 3660 wlt
2094 3619 2163 3660 31.
