2528 4074
301 386 402 434 812

301 523 517 578 Regulam
537 523 722 578 apostoli
737 527 781 564 et
795 527 1041 578 segmentes
1062 522 1262 576 discipuli

354 594 493 635 usque
516 580 574 621 ad
603 580 876 622 dotacionem
905 580 1087 621 ecclesie
1118 580 1260 621 obser-

358 642 517 680 varunt
545 638 643 680 275.

300 718 351 725 —
387 695 602 750 privatam
645 694 953 735 monachorum
996 693 1261 735 Benedictus

356 752 672 794 consummavit
699 753 797 793 498.

300 832 352 839 —
382 822 506 851 suam
537 809 700 850 Cristus
728 821 817 850 non
846 808 987 849 variat
1019 809 1114 850 142.

295 871 446 908 contra
483 890 537 896 —
570 866 696 907 Cristi
731 865 866 906 abbas
902 865 1122 906 subditum
1153 865 1256 905 obli-

297 928 453 1022 ag—alta
464 925 558 1022 1eSt6
553 979 829 1021 ordinacione
850 978 921 1020 dei
941 982 1059 1019 secte
1081 977 1260 1018 deviant

298 1038 657 1135 —iie12secwmm
707 1093 796 1148 legi
845 1092 916 1133 dei
963 1091 1109 1134 addite
1158 1096 1260 1133 sunt

296 1153 595 1249 —lssobtarum
625 1206 838 1248 contrarie
866 1206 956 1261 legi
984 1205 1054 1247 dei
1086 1206 1180 1248 183.

298 1288 343 1294 -
380 1265 561 1305 fratrum
589 1264 711 1305 varie
743 1265 839 1306 173.

297 1345 348 1350 —
378 1321 631 1376 impietatis,
670 1335 758 1362 non
795 1321 984 1362 caritatis
1013 1325 1132 1372 sunt,
1172 1332 1258 1374 que

352 1379 504 1420 dotant
553 1379 828 1433 presbyteros
879 1383 1029 1420 contra
1074 1378 1258 1419 Oristum

298 1437 495 1534 —217133ise
525 1497 806 1546 patronorum
836 1493 932 1534 704.

298 1572 350 1579 —-
381 1555 426 1591 et
454 1550 561 1591 ritus
590 1554 806 1591 sectarum
835 1550 931 1591 304.

295 1630 349 1636 —
381 1611 425 1648 et
452 1607 624 1661 patroni
660 1611 876 1648 sectarum
905 1606 1047 1647 minus
1076 1606 1259 1660 perfecti

296 1665 594 1762 ——lggctarum
621 1721 793 1761 noviter
819 1721 1064 1762 introducte
1095 1722 1163 1762 21.

296 1778 491 1819 —larum
521 1778 772 1819 observacio
803 1778 899 1819 286.

296 1836 414 1876 —las
442 1847 580 1877 novas
608 1840 726 1877 secte
755 1835 1055 1889 superaddunt
1086 1835 1181 1876 182.

296 1916 348 1922 —
369 1905 469 1934 suas
488 1905 619 1947 super
638 1892 825 1934 Cristum
843 1897 961 1934 secte
977 1892 1260 1947 magnificant

295 1951 479 2048 -233as
507 2011 733 2061 tamquam
761 2007 907 2062 legem
936 2006 1008 2048 dei
1036 2011 1155 2048 secte
1185 2007 1257 2048 ob-

351 2069 528 2105 servant
559 2066 653 2107 181.

294 2122 339 2161 in
368 2122 477 2162 —lis
508 2126 553 2163 et
579 2121 773 2176 patronis
793 2121 935 2163 variat
964 2125 1120 2175 quarta
1139 2125 1258 2162 secta

292 2180 513 2291 Re2g'iliare
544 2236 773 2277 ecclesiam
805 2236 899 2277 172.

293 2293 430 2334 —lari
446 2298 593 2347 posset
611 2293 797 2335 ecclesia
814 2306 1019 2347 prospere
1034 2293 1128 2334 sine
1142 2305 1258 2347 papa

294 2352 526 2448 —16a7116dum
558 2412 624 2448 est
651 2407 847 2462 regimen
877 2408 956 2448 sub
987 2420 1172 2462 persona
1191 2420 1256 2448 se-

349 2465 540 2505 cundum
567 2465 713 2519 legem
742 2465 866 2506 verbi
895 2465 966 2506 dei
995 2466 1092 2506 418.

290 2522 580 2576 Regulatores
618 2522 813 2563 ordinem
849 2535 906 2563 ne
942 2522 1027 2564 sint
1060 2522 1258 2563 canonici

291 2580 482 2677 Reifflio
513 2635 639 2676 eristi
667 2636 921 2690 blasphema
956 2638 1024 2678 32.

293 2715 348 2722 —
379 2693 539 2734 ordinis
569 2693 761 2733 cristiani
790 2694 858 2735 96.

293 2750 550 2805 Religancia
578 2750 685 2790 ritus
714 2750 812 2791 468.

290 2807 460 2862 Religio
489 2807 660 2861 privata
689 2806 793 2860 quid
823 2811 889 2848 est
917 2808 1014 2848 453.

291 2887 344 2893 —
375 2865 546 2918 privata
567 2868 632 2905 est
651 2868 816 2905 statuta
834 2864 879 2904 in
898 2864 1031 2918 plena
1050 2876 1255 2905 mensura

292 2923 514 3019 --4gi4nnis
542 2979 715 3032 privata
745 2982 811 3019 est
840 2978 895 3019 de
914 2978 1126 3033 religione
1145 2991 1253 3032 pure

348 3035 616 3090 ewangelica
651 3048 730 3089 per
767 3035 1041 3077 addicionem
1070 3036 1254 3076 alicuius

346 3093 453 3134 ritus
481 3093 672 3147 religiosi
701 3093 799 3134 498.

290 3172 344 3180 —
374 3150 512 3191 omnis
539 3150 711 3204 privata
748 3155 814 3191 est
842 3150 958 3191 facta
987 3151 1042 3191 ab
1071 3150 1252 3191 homini-

291 3207 551 3318 —blpffixssiia'
571 3263 688 3304 facta
718 3276 773 3304 ex
802 3264 1056 3318 ignorancia
1085 3264 1158 3305 vel
1179 3263 1251 3305 de-

345 3321 463 3362 fectu
493 3321 596 3362 artis
623 3321 844 3362 statuendi
860 3321 1118 3375 religionem
1138 3334 1252 3362 com-

346 3391 523 3419 munem
552 3379 650 3419 495.

293 3457 342 3463 —-
373 3436 542 3488 privata
577 3448 666 3476 non
695 3435 819 3476 tollet
854 3434 1166 3490 impedimenta
1196 3435 1252 3476 ad

344 3492 659 3533 beatitudinem
690 3493 785 3534 534.

1026 379 1322 421 GENERAL
1353 378 1569 421 INDEX.

1346 521 1518 576 Religio
1546 521 1716 576 privata
1735 521 1847 576 sapit
1865 518 2242 576 imperfeccionem
2264 528 2308 566 et

1403 583 1632 634 peccatum
1661 580 1758 620 453.

1346 658 1406 665 —
1433 635 1604 689 privata
1631 635 1813 677 includit
1839 635 1886 676 in
1914 647 1962 677 se
1982 636 2309 679 observanciam

1403 692 1555 747 regule
1585 693 1774 734 humane
1806 694 1903 734 493.

1346 771 1400 779 -—
1430 749 1601 803 privata
1629 754 1793 791 statuta
1821 749 1936 791 ultra
1954 735 2203 792 mensuram
2219 763 2310 806 qua

1402 806 1586 847 facilitat
1628 806 1686 847 ad
1728 807 2055 848 observanciam
2089 807 2310 863 religionis

1403 863 1641 904 communis
1670 864 1768 905 494.

1347 941 1399 949 -
1430 920 1602 973 privata
1630 921 1828 975 obligans
1856 921 2142 975 professorem
2168 921 2225 963 ad
2244 935 2309 964 se-

1402 976 1626 1030 quendum
1654 977 1874 1019 hominem
1903 979 1983 1029 sub
2009 977 2150 1020 Cristo
2182 980 2279 1022 494.

1347 1056 1399 1061 —
1429 1033 1602 1087 privata
1629 1047 1735 1074 num
1765 1034 1992 1088 culpabilis
2021 1036 2119 1078 491.

1345 1113 1398 1119 —
1428 1090 1601 1144 privata
1628 1104 1718 1132 non
1747 1096 1813 1132 est
1841 1091 1990 1132 divina
2017 1093 2115 1134 495.

1347 1170 1399 1177 —
1420 1147 1591 1201 privata
1617 1152 1793 1202 propter
1817 1148 2102 1191 inclusionem
2122 1150 2310 1192 stulticie

1403 1204 1632 1259 culpabilis
1661 1206 1759 1247 493.

1347 1284 1400 1291 -—
1438 1261 1610 1316 privata
1654 1262 1791 1303 omnis
1823 1261 1967 1303 'habet
2009 1262 2200 1318 aliquam
2237 1264 2310 1307 de·

1401 1319 1565 1360 fectum
1594 1319 1879 1360 essencialem
1906 1320 2005 1361 495.

1346 1399 1398 1405 -
1429 1376 1600 1430 privata
1627 1376 1839 1418 laudabili
1863 1376 2150 1419 fundamento
2168 1378 2311 1433 priva-

1402 1437 1474 1474 tur
1504 1434 1600 1475 517.

1347 1514 1400 1519 —
1431 1491 1603 1544 privata
1632 1490 1929 1532 essencialiter
1955 1491 2196 1544 perfeccior
2222 1504 2310 1534 me-

1400 1548 1585 1645 {iter-iobrl
1593 1552 1644 1646 {t
1672 1548 1862 1589 securior
1881 1559 2014 1602 quam
2032 1552 2171 1590 status
2190 1562 2312 1592 secu-

1418 1617 1505 1645 ans
1622 1636 1631 1646 .

1347 1685 1399 1690 -
1428 1662 1600 1715 privata
1628 1667 1774 1703 utrum
1803 1661 1954 1703 datum
1973 1663 2184 1717 opti-mum
2212 1665 2310 1706 524.
2368 1670 2372 1674 ’
2423 1671 2427 1673 ’

1343 1741 1398 1749 ——
1428 1719 1598 1773 privata
1631 1733 1719 1760 non
1760 1732 1966 1774 expressa
1992 1721 2039 1761 in
2068 1721 2312 1776 ewangelio

1344 1777 1600 1932 —5{3i{3}a
1629 1833 1938 1875 monachorum
1956 1847 2063 1876 num
2080 1834 2312 1877 laudabilis

1402 1904 1448 1932 es
1585 1922 1595 1932 .

1344 1969 1398 1977 —-
1456 1948 1629 2002 privata
1676 1948 1800 1989 nulla
1850 1962 1991 1990 suum-
2025 1948 2312 2004 professorem
2388 1952 2390 1954 ’

1402 2005 1634 2046 difficultat
1663 2007 1760 2047 500.
1775 2035 1793 2045 -

1346 2086 1399 2093 —
1428 2063 1600 2116 privata
1627 2063 1751 2103 nulla
1778 2062 1913 2105 habet
1945 2063 2210 2119 culpabilem
2239 2064 2313 2106 de·

1400 2120 1563 2161 fectum
1593 2121 1689 2162 500.

1344 2200 1398 2206 —
1417 2178 1589 2231 privata
1607 2177 1849 2218 secundum
1866 2177 2167 2222 condicionem
2185 2192 2310 2222 suam

1402 2239 1468 2275 est
1497 2234 1727 2275 laudabilis
1758 2232 1854 2276 501.

1345 2314 1397 2320 —
1427 2292 1599 2345 privata
1627 2296 1765 2333 status
1795 2293 2092 2334 securissimus
2121 2293 2179 2334 ad
2207 2293 2308 2335 bea-

1399 2349 1633 2390 titudinem
1662 2350 1758 2390 502.

1343 2428 1398 2435 —
1426 2407 1597 2460 privata
1635 2411 1700 2447 est
1736 2410 1875 2448 status
1904 2406 2201 2449 securissimus
2230 2421 2309 2462 pro

1399 2464 1566 2504 viatore
1598 2464 1694 2505 501.

1341 2544 1395 2549 —
1425 2521 1597 2575 privata
1617 2521 1866 2575 exemplata
1885 2521 1980 2562 sine
2004 2533 2186 2563 erronea
2205 2534 2305 2564 con-

1398 2578 1568 2619 dicione
1597 2577 1830 2619 laudabilis
1859 2579 1957 2619 499.

1342 2659 1394 2665 —
1425 2636 1596 2689 privata
1624 2648 1714 2676 non
1743 2639 1810 2676 est
1837 2639 1975 2676 status
1995 2635 2305 2688 securissimus,

1397 2692 1515 2746 quod
1557 2706 1646 2734 non
1691 2697 1756 2734 est
1790 2693 1979 2734 maxime
2016 2693 2246 2748 elongatus
2279 2705 2308 2735 a

1395 2754 1577 2804 peceato
1608 2750 1704 2791 505.

1341 2831 1394 2836 --
1424 2807 1596 2860 privata
1632 2811 1698 2847 est
1731 2807 1872 2847 minus
1900 2807 2146 2880 periculosa
2172 2820 2307 2863 quam
2331 2835 2334 2838 -

1396 2869 1533 2905 status
1562 2864 1754 2930 prelacie
1784 2865 1882 2906 503.

1341 2945 1391 2951 -
1422 2922 1593 2976 privata
1623 2921 1834 2975 equivoce
1864 2921 2048 2962 sumitur
2077 2922 2174 2963 503.

1338 3002 1393 3008 -
1422 2979 1595 3033 privata
1630 2991 1719 3019 non
1754 2991 1810 3019 ex
1838 2978 1938 3030 hoc,
1980 2979 2097 3032 quod
2126 2978 2304 3035 obligat,

1395 3041 1461 3077 est
1489 3036 1583 3089 ipsa
1612 3036 1840 3090 culpabilis
1871 3037 1967 3078 507.

1340 3117 1392 3122 —
1429 3093 1600 3147 privata
1640 3098 1707 3134 est
1749 3097 1886 3134 status
1939 3093 2130 3134 securior
2172 3105 2305 3148 quam

1393 3154 1530 3191 status
1559 3150 1750 3204 prelacie
1781 3151 1877 3191 503.

1337 3231 1390 3236 -
1421 3207 1592 3261 privata
1622 3207 1787 3261 obligat
1815 3207 1872 3248 ad
1902 3207 2110 3248 mandata
2138 3212 2184 3249 et
2203 3220 2303 3249 con·

1394 3265 1490 3305 silia
1519 3265 1616 3307 529.

1337 3344 1390 3350 —
1421 3322 1592 3375 privata
1622 3321 1845 3362 ordinatur
1864 3321 1921 3361 ad
1940 3321 2105 3362 cultum
2123 3320 2302 3376 amplio-

1393 3392 1485 3419 rem
1514 3390 1647 3432 quam
1677 3377 1804 3419 Cristi
1832 3379 1984 3433 religio
2016 3378 2113 3422 531.

1337 3458 1389 3465 —
1421 3436 1591 3489 privata
1627 3435 1865 3489 perfeccior
1901 3448 2033 3489 quam
2062 3434 2300 3487 communis
