2528 4074
42 595 50 609 “·
75 637 78 643 ,
100 590 244 634 Homo
264 603 364 631 culn
384 603 535 646 pugno
555 589 814 645 percuciens
833 589 1082 644 culpandus

62 671 87 689 ;
157 652 224 692 est
253 648 351 690 326.

19 732 27 759 ·.
73 732 77 736 -
98 729 156 739 --
185 706 325 748 omnis
353 706 569 761 prescitus
590 702 806 760 dyabolus
825 706 1082 748 incarnatus

73 820 168 876 .'--‚
183 822 276 877 'qui
304 827 371 864 est
391 827 447 865 e‘x
467 822 564 876 deo,
594 822 926 878 oppressionem
946 822 1082 879 wlga-

71 879 76 922 ζ
91 894 94 895 ’
157 881 271 924 rium
300 894 357 923 ne
387 881 599 923 adiuvato
631 881 730 923 423.

99 962 158 975 «-
184 952 213 982 a
241 938 324 981 deo
354 940 495 981 creari
523 939 658 982 debet
689 940 786 982 163.

101 1020 154 1030 -
184 1011 275 1040 non
303 998 494 1040 absolvit
523 1011 551 1040 a
580 1003 765 1053 peccato
799 999 896 1041 165.

13 1106 17 1110 Ι
42 1067 45 1070 ·
101 1080 155 1088 —-
183 1061 327 1098 cassat
355 1057 629 1112 propositum
659 1057 732 1099 dei
763 1058 862 1100 214.

12 1135 14 1139 ν
95 1135 155 1148 4---
184 1114 317 1157 debet
353 1115 502 1157 omnia
537 1115 801 1171 temporalia
835 1121 920 1175 etc.
950 1115 1082 1158 relin-

79 1194 81 1198 Α
156 1186 292 1229 quere
324 1174 423 1216 631.

98 1255 155 1263 -
183 1231 320 1274 frater
349 1231 480 1275 Gristi
513 1234 609 1276 164.

19 1291 22 1294 ’
102 1312 155 1325 ·-
183 1290 293 1333 citra
321 1290 456 1333 deum
486 1305 576 1334 non
607 1305 664 1334 ex
682 1297 775 1334 toto
795 1292 927 1335 corde
948 1292 1082 1334 deum

93 1360 97 1366 ’
155 1347 298 1404 diligit
321 1350 417 1392 123.

72 1408 93 1442 -J
167 1411 343 1449 tantum
357 1409 599 1451 wlneratus
618 1408 666 1450 in
685 1408 964 1451 naturalibus
983 1409 1080 1451 122.

11 1515 17 1517 λ
98 1488 152 1498 —-
166 1471 266 1522 post
283 1467 459 1522 lapsum
479 1467 613 1509 debet
627 1467 763 1510 deum
778 1467 964 1523 diligere
984 1467 1080 1510 122.

25 1571 28 1577 ¹
91 1535 155 1566 -ς-
181 1524 319 1567 faciat
346 1526 626 1568 voluntatem
657 1526 729 1568 dei
758 1526 896 1581 patris
929 1527 1026 1569 165.

89 1594 154 1615 ·-
181 1583 229 1624 in
257 1584 487 1626 reddenda
515 1585 693 1627 racione
717 1585 961 1641 obligacior
982 1585 1079 1627 125.

98 1664 153 1672 -
181 1655 272 1684 non
300 1643 415 1685 tollit
442 1648 629 1699 peccata
658 1643 812 1686 mundi
844 1645 942 1687 165.

83 1712 153 1735 '-
183 1705 230 1743 et
259 1701 369 1744 deus
401 1702 567 1744 Gristus
600 1703 698 1746 100.

91 1765 150 1790 s...
181 1761 386 1815 peccavit
415 1762 514 1803 212.

3 1822 15 1835 ·’
93 1818 334 1920 -ᾓῗὲςηξέ
365 1833 679 1876 quemcunque
717 1820 944 1862 hominem
981 1833 1082 1862 con-

94 1901 100 1906 ·
225 1890 250 1919 e
338 1911 347 1920 .

76 1959 80 1991 2
98 1958 152 1965 -—-
169 1937 392 1991 operando
408 1938 595 1980 ecclesie
609 1938 820 1994 prodesse
838 1937 1082 1980 debet214.

99 2016 153 2023 —
180 1994 229 2035 in
258 2009 306 2038 se
336 1997 431 2052 ipso
462 1997 651 2052 quiescit
680 1998 780 2039 214.

98 2053 283 2095 -minis
298 2055 439 2098 honor
453 2056 588 2099 debet
603 2069 699 2098 esse
714 2069 807 2098 non
817 2054 1083 2097 mundamus

82 2192 152 2203 --—
181 2169 322 2214 honor
350 2173 684 2216 condicionatus
718 2174 814 2216 172.
865 2186 868 2188 ·

97 2251 152 2258 --
181 2234 323 2273 status
351 2232 494 2274 iustus
527 2234 624 2275 173.

77 2300 79 2303 ·
95 2309 150 2317 -
179 2289 309 2343 primi
339 2290 552 2333 delictum
584 2293 682 2335 123.

96 2368 150 2377 --
181 2346 323 2390 honor
355 2350 452 2392 171.

72 2410 149 2461 s·—
177 2408 531 2461 putrefacciones
561 2410 660 2453 352.

92 2485 150 2493 =——
178 2464 297 2508 iusta
325 2467 420 2509 vita
450 2469 549 2511 344.

97 2545 150 2552 —
181 2523 397 2581 fragilitas
427 2527 526 2570 343.

11 2638 14 2639 ⁷
82 2603 149 2618 .-
179 2589 458 2638 apostemata
487 2587 587 2629 352.

74 2641 259 2683 --·—mini
286 2649 458 2699 septem
488 2645 606 2687 dona
635 2645 813 2701 spiritus
843 2645 986 2687 sancti
1005 2644 1082 2686 ha-

78 2719 81 2721 ·
148 2700 274 2742 benti
301 2702 418 2745 bene
449 2704 563 2746 foret
592 2705 692 2747 226.

4 2808 10 2813 ¹
82 2780 148 2791 -—
177 2758 359 2803 libertas
390 2762 559 2805 arbitrii
589 2762 673 2805 deo
705 2762 811 2805 data
839 2763 940 2805 450.

1 2824 5 2878 J
82 2817 316 2860 *minem
331 2821 554 2877 correpcio
562 2835 643 2878 per
650 2822 837 2864 verbum
845 2821 1080 2863 confusum

0 2919 4 2928 ,
149 2877 363 2932 scripture
396 2880 465 2922 78.

0 2949 2 2956 ·
78 2976 80 2981 ,
94 2955 148 2963 --
177 2934 396 2980 honorare
426 2939 823 2995 proporcionalitur
851 2944 904 2981 ut
926 2942 994 2980 est
1015 2952 1081 2980 or-

0 3015 4 3036 i
77 3013 80 3019 ’
149 2999 280 3037 natus
314 2998 411 3039 172.

92 3052 292 3096 —mines
321 3056 567 3099 secundum
597 3057 793 3099 animam
823 3061 927 3098 sunt
956 3055 1080 3112 spiri-

0 3175 7 3219 ’;
91 3191 147 3199 —
177 3169 344 3215 debent
370 3173 565 3216 invicem
594 3174 784 3216 subiecti
813 3187 911 3216 esse
941 3175 1041 3216 475.

93 3249 147 3257 ·-
177 3228 262 3273 deo
291 3231 340 3273 in
368 3233 514 3288 patria
542 3233 815 3290 coniugandi
843 3237 948 3274 sunt
980 3233 1077 3276 169.

0 3315 7 3347 ,¹
93 3307 147 3317 --
164 3286 331 3332 debent
351 3304 448 3334 esse
467 3291 549 3333 filii
564 3291 695 3334 Gristi
711 3297 757 3334 et
772 3291 961 3334 ecclesie
981 3294 1077 3335 169.

92 3367 147 3376 -
178 3345 396 3401 dyabolus
425 3350 661 3406 perplexos
691 3350 799 3393 facit
829 3351 928 3394 461.

93 3425 148 3433 —
177 3404 343 3450 debent
371 3409 582 3451 continue
610 3409 727 3452 iuste
756 3409 910 3452 vivere
941 3410 1040 3452 343.

0 3492 3 3497 ·
72 3480 148 3492 ...-
177 3462 364 3509 heredes
403 3467 611 3524 legittimi
647 3467 894 3510 secundum
931 3468 1080 3525 legem

0 3572 2 3577 Ι
74 3526 78 3532 ’
149 3525 298 3578 gracie
330 3526 427 3568 168.
769 3538 776 3547 ’

0 3598 6 3630 ι.
68 3600 149 3637 χ·-,
186 3581 297 3626 deus
347 3584 447 3639 plus
493 3597 648 3628 amans
701 3598 837 3640 quam
881 3585 1081 3629 homines

19 3636 22 3648 '
153 3639 287 3685 deum
322 3644 418 3686 162.

841 445 1147 486 GENERAL
1184 445 1406 486 INDEX.

2062 451 2163 498 771

1171 589 1390 631 Homines
1421 589 1500 630 filii
1532 590 1606 631 dei
1636 590 1851 631 carissimi
1882 592 1951 633 68.

1175 670 1227 678 —
1260 646 1333 688 dei
1362 647 1527 689 iudicio
1548 648 1815 703 participant
1834 649 1962 704 penis
1982 650 2168 692 fratrum

1172 787 1226 793 —
1244 763 1460 806 mundani
1475 765 1522 805 in
1539 778 1675 807 causa
1685 765 1814 807 Oristi
1828 765 2046 807 vecordes
2066 768 2164 808 554.

1172 845 1227 852 —
1266 835 1350 864 nec
1389 823 1480 865 vivi
1526 837 1610 865 nec
1641 824 1803 866 mortui
1840 829 2026 879 possunt
2069 837 2166 867 esse

1228 880 1571 924 fundamentum
1601 883 1828 939 religionis
1859 884 1959 925 439.

1173 962 1227 969 -
1258 940 1523 983 naturaliter
1553 941 1844 983 consenciunt
1863 941 2045 983 veritati
2067 942 2166 984 675.

1173 998 1400 1041 ——minum
1416 999 1626 1043 distincta
1634 1000 1834 1056 cognicio
1851 1013 1932 1055 per
1948 1000 2083 1042 deum
2097 1001 2165 1042 78.

1171 1079 1228 1088 --
1258 1063 1410 1100 reatus
1443 1059 1512 1101 78.

1174 1138 1228 1145 —
1260 1116 1537 1172 singulorum
1566 1117 1816 1173 increpacio
1849 1119 1917 1160 78.

1172 1175 1422 1217 -minibus
1438 1176 1667 1231 imponere
1675 1176 1975 1232 periculosum
1986 1182 2053 1219 est
2068 1178 2166 1220 168.

1171 1234 1227 1275 ab
1261 1257 1315 1263 --
1347 1234 1502 1290 religio
1542 1235 1684 1276 omnis
1723 1235 1899 1290 privata
1938 1241 2006 1277 est
2047 1235 2168 1277 facta

1171 1350 1327 1392 Honor
1356 1351 1557 1406 proprius
1589 1352 1895 1407 episcoporum
1925 1353 2024 1396 262.

1171 1432 1227 1439 —
1257 1409 1387 1452 latrie
1417 1410 1499 1452 soli
1530 1410 1613 1452 deo
1647 1411 1924 1452 exhibendus
1956 1413 2055 1454 440.

1171 1490 1227 1498 —
1258 1467 1447 1510 hominis
1477 1469 1814 1511 condicionatus
1848 1471 1944 1512 172.

1171 1549 1228 1556 —
1259 1526 1449 1569 hominis
1483 1528 1580 1570 171.

1173 1608 1228 1614 -
1259 1586 1334 1627 vel
1354 1599 1477 1628 amor
1497 1587 1696 1629 consistit
1715 1587 1763 1628 in
1783 1587 2044 1629 racionabili
2064 1588 2166 1629 sub-

1229 1645 1454 1687 traccione
1484 1651 1729 1688 stercorum
1763 1646 1860 1687 121.

1174 1726 1229 1732 —
1260 1708 1306 1745 et
1333 1717 1458 1746 amor
1479 1718 1569 1746 non
1597 1705 1797 1747 consistit
1817 1705 1863 1745 in
1884 1710 2162 1747 terrenorum

1230 1763 1539 1805 cumulacione
1574 1764 1670 1805 121.

1175 1844 1228 1851 -—
1260 1821 1449 1863 hominis
1488 1822 1623 1864 debet
1660 1836 1757 1864 esse
1787 1837 1878 1864 non
1909 1823 2163 1865 mundanus

1174 1961 1228 1967 —
1259 1952 1419 1994 regum
1450 1953 1530 1994 per
1560 1939 1812 1982 sacerdotes
1843 1939 2000 1983 fideles
2034 1941 2133 1983 172.

1174 2020 1229 2026 —
1262 2003 1330 2039 est
1358 1999 1578 2053 premium
1608 1999 1783 2041 virtutis
1820 2000 1916 2042 181.

1174 2079 1228 2086 -
1261 2056 1334 2099 dei
1366 2058 1434 2099 79.

1173 2115 1230 2156 ad
1261 2129 1442 2158 —orem
1473 2115 1546 2158 dei
1575 2129 1695 2171 pena
1714 2116 1948 2159 inferenda
1970 2122 2039 2159 est
2071 2119 2170 2160 336.

1171 2174 1219 2215 in
1250 2188 1385 2216 —ore
1417 2174 1643 2217 mundano
1664 2189 1885 2231 ‘personas
1920 2189 2172 2231 preponere

1174 2292 1381 2334 —oribus
1412 2293 1587 2348 reprobi
1618 2306 1725 2348 sepe
1758 2299 1972 2336 ornantur
2005 2295 2104 2337 172.

1172 2351 1426 2394 Honoracio
1458 2357 1694 2407 parentum
1728 2353 1824 2395 120.

1172 2409 1407 2452 Honorare
1437 2410 1663 2453 hominem
1692 2412 2086 2466 proporcionaliter
2116 2418 2167 2454 ut

1232 2474 1299 2510 est
1329 2474 1512 2511 ornatus
1546 2470 1643 2512 172.

1173 2551 1227 2556 —
1261 2527 1396 2570 deum
1427 2528 1562 2570 debet
1591 2529 1723 2571 homo
1754 2530 1800 2570 in
1829 2529 2005 2571 vicariis
2027 2529 2163 2572 hono-

1230 2586 1350 2628 ribus
1385 2588 1482 2630 173.

1173 2668 1226 2674 -
1261 2651 1523 2688 ornamenta
1553 2646 1674 2688 mala
1704 2651 1771 2688 est
1800 2647 1958 2703 regula
1991 2649 2087 2690 173.

1173 2726 1227 2733 —
1261 2709 1307 2746 et
1343 2710 1660 2760 contempnere
1700 2705 1891 2748 eandem
1928 2719 2166 2762 personam

1171 2844 1226 2851 -
1257 2827 1466 2877 parentes
1500 2824 1598 2865 118.

1170 2881 1386 2923 —orandi
1416 2886 1520 2923 sunt
1550 2883 1738 2924 maiores
1768 2882 1816 2924 in
1847 2883 1996 2925 seculo
2031 2884 2128 2925 172.

1169 2939 1530 2983 Honorificencia
1583 2941 1812 2983 mundana
1858 2942 2160 2997 apostolorum

1170 3057 1454 3100 Hortacionis
1485 3059 1662 3101 omissio
1697 3060 1794 3102 130.

1117 3114 1120 3117 “
1171 3115 1386 3172 Hospicia
1422 3118 1675 3159 communia
1711 3118 1984 3173 pauperibus
2022 3118 2167 3173 hospi-

1228 3175 1347 3217 tibus
1379 3176 1555 3218 edificia
1583 3177 1795 3219 videntur
1826 3189 1923 3218 esse
1956 3178 2026 3219 55.

1171 3233 1430 3290 Hospitacio
1458 3235 1655 3277 virorum
1684 3241 1730 3278 et
1756 3235 2024 3278 feminarum
2045 3236 2167 3292 apud

1228 3293 1387 3336 fratres
1418 3293 1468 3335 fit
1498 3299 1682 3349 questus
1713 3307 1851 3336 causa
1882 3297 1953 3339 69.

1172 3375 1228 3382 —
1259 3352 1440 3406 dyaboli
1469 3353 1517 3394 in
1548 3353 1776 3396 ordinibus
1808 3354 1878 3396 57.

1170 3411 1462 3466 Hospitalarii
1505 3412 1552 3453 in
1595 3412 1822 3454 liberrima
1866 3417 1990 3454 secta
2035 3411 2167 3455 Cristi

1228 3470 1410 3512 liberius
1442 3483 1577 3526 agere
1606 3476 1789 3526 possent
1824 3471 1924 3514 270.

1172 3552 1227 3558 -
1258 3529 1560 3572 infundabiles
1590 3530 1768 3572 racione
1800 3530 2012 3572 videntur
2042 3531 2142 3574 270.

1170 3587 1428 3643 Hospitales
1481 3588 1685 3631 infideles
1730 3589 1830 3644 plus
1876 3589 2055 3631 acciunt
2107 3589 2166 3631 ad

1230 3647 1582 3690 continuandum
1611 3648 1658 3689 in
1688 3647 1876 3704 perfidia
1907 3649 2006 3690 271.

1710 3719 1800 3763 49*
