2528 4074
108 1052 123 1094 n
147 1051 175 1085 c
189 1052 256 1091 sot.
279 1053 363 1083 137³

387 386 489 433 602
1091 380 1412 420 JOHANNJS
1451 381 1687 426 WJOLJF,
2171 378 2280 436 [cap.
2312 381 2392 421 [ιν

386 527 666 577 doctrinam
727 526 917 575 domini
976 525 1225 575 consentit
1280 522 1537 575 hostibus⁵
1591 525 1865 590 proditorie
1918 531 2094 575 contra
2145 523 2384 575 Cristum.

385 611 580 663 Cristus
626 612 758 662 enim
804 611 933 660 dixit
968 611 1094 660 Luc.
1138 614 1261 659 14a:
1318 611 1403 676 qui
1453 627 1555 660 non
1591 611 1966 660 renunciaverit
2001 609 2250 670 omnibus,
2289 627 2387 676 que

383 699 620 763 possidet,
669 714 771 746 non
815 703 982 762 potest
1026 713 1167 746 meus
1213 713 1319 746 esse
1365 696 1657 761 discipulus.
1734 695 1838 746 Sed
1875 697 1971 746 iste
2008 696 2227 746 vicarius
2264 695 2389 746 dicit

383 801 497 834 cum
552 782 787 848 dyabolo,
842 782 976 847 quod
1023 798 1116 831 sua
1153 780 1342 830 debent
1379 797 1485 830 esse
1524 782 1692 830 omnia
1728 799 1887 847 regna
1922 782 2114 831 mundi.
2191 779 2387 831 Cristus

383 869 531 918 docet
580 868 847 933 implicite,
903 868 1039 933 quod
1089 884 1191 916 non
1238 866 1426 916 debent
1460 866 1513 914 in
1551 883 1695 916 suam
1733 867 2001 917 ecclesiam
2039 874 2176 918 secte
2213 866 2384 934 alique
2425 881 2457 920 -5

380 955 475 1004 nisi
514 961 647 1003 secte
685 953 1038 1003 cristianorum
1075 952 1353 1002 secundum
1378 951 1610 1011 formam,
1651 969 1803 1017 quam
1832 953 1941 1020 ipse
1967 953 2193 1013 dederat,
2232 953 2384 1002 intro-

383 1040 513 1089 duci.
577 1039 760 1088 Dictus
791 1045 961 1087 autem
998 1038 1217 1087 vicarius
1254 1036 1531 1086 introducit
1556 1041 1575 1094 ΙΙ
1602 1037 1789 1087 multas
1827 1045 1992 1089 sectas
2027 1045 2297 1095 extraneas
2336 1044 2388 1087 et

382 1125 645 1174 confirmat
685 1141 799 1174 suos
838 1124 1039 1173 ordines
1078 1130 1254 1172 contra
1291 1122 1509 1187 regulas,
1565 1139 1689 1188 quas
1729 1123 1796 1171 ad
1833 1122 2259 1186 gubernacionem
2297 1141 2387 1174 sue

380 1210 591 1260 ecclesie
629 1209 823 1260 Cristus
862 1209 1018 1259 dedit.
1089 1209 1351 1275 Numquid
1387 1207 1653 1268 credimus,
1695 1208 1830 1273 quod
1866 1209 2085 1259 vicarius
2121 1209 2239 1259 talis
2276 1226 2386 1274 per-

378 1296 508 1346 fidus
547 1296 611 1345 sit
646 1295 945 1345 manifestus
984 1295 1065 1344 dei
1101 1295 1328 1359 proditor
1367 1301 1417 1345 et
1459 1293 1664 1358 patulus
1702 1294 2022 1344 anticristus?
2083 1294 2186 1345 Per
2218 1296 2385 1360 ipsum
2406 1308 2456 1346 10

380 1382 513 1432 enim
550 1382 810 1431 humilitas
848 1377 928 1431 et⁶
965 1381 1228 1445 paciencia
1267 1398 1381 1430 cum
1420 1380 1531 1429 aliis
1569 1379 1841 1430 virtutibus
1868 1379 2180 1444 expirarunt,
2221 1386 2272 1430 et
2294 1397 2388 1445 per

380 1464 719 1533 consequens⁷
777 1467 1027 1517 consentit
1072 1467 1347 1532 proditorie
1386 1466 1622 1531 dyabolo,
1663 1466 1797 1516 hosti
1835 1464 2004 1515 Cristi.
2082 1464 2213 1515 Cum
2250 1466 2386 1516 enim

380 1552 576 1603 Cristus
616 1554 763 1603 docet
799 1554 852 1602 in
889 1570 978 1602 suo
1017 1549 1287 1618 apostoloss'
1325 1552 1461 1619 quod
1498 1552 1598 1601 sint
1622 1569 1724 1602 non
1763 1548 1846 1601 se⁸
1885 1547 2052 1616 ipsos⁹
2091 1551 2387 1602 seculariter
2448 1564 2450 1566 “

380 1639 733 1699 defendentes,
787 1639 881 1688 iste
918 1639 1137 1688 vicarius
1179 1639 1349 1698 docet,
1406 1638 1540 1703 quod
1578 1638 1805 1687 homines
1843 1654 1896 1687 se
1933 1638 2068 1702 ipsos
2106 1636 2388 1687 defendant

378 1732 484 1773 tam
522 1724 628 1774 vita
665 1741 817 1790 quam
855 1723 1023 1780 verbis
1059 1725 1112 1773 in
1150 1741 1303 1774 causa
1339 1724 1459 1773 ficta
1495 1741 1587 1788 per
1624 1723 1903 1789 dyabolum
1941 1731 2117 1773 contra
2143 1721 2382 1783 Gristum,
2404 1737 2456 1775 15

378 1817 429 1859 et
466 1810 531 1859 ad
569 1810 664 1859 hoc
702 1806 953 1874 fingant²⁰
991 1810 1258 1860 mendacia
1296 1816 1473 1859 contra
1511 1810 1678 1859 deum.

522 1892 716 1957 Quis‚1²
754 1913 892 1960 roge,
931 1896 1242 1961 pertinacius
1282 1903 1370 1946 aut
1402 1896 1673 1945 studiosius
1697 1896 1750 1944 in
1776 1911 1930 1945 causa
1954 1889 2143 1945 mere¹²
2168 1894 2385 1945 seculari

376 1998 617 2047 umquam
629 1979 675 2008 13
727 1979 1026 2032 defendatfl
1077 1989 1277 2047 partem
1329 1999 1495 2042 suam,
1561 1978 1704 2031 aut²⁵
1758 1981 1868 2047 quis
1919 1997 2162 2047 umquam
2212 1987 2384 2046 posset

375 2067 566 2132 fingere
612 2085 703 2132 pro
750 2068 846 2118 hoc
894 2068 991 2117 fine
1031 2068 1300 2118 mendacia
1338 2069 1530 2118 maiora
1568 2075 1745 2118 contra
1783 2067 1964 2117 deum?
2023 2066 2096 2117 Et
2132 2067 2204 2117 sic
2240 2062 2382 2117 vel¹⁶

377 2161 575 2218 oportet
626 2154 792 2218 legem
845 2161 895 2203 et
947 2155 1106 2204 vitam
1147 2153 1300 2204 Cristi
1352 2155 1583 2204 deserere
1636 2154 1719 2204 vel
1770 2154 1907 2203 istud
1957 2153 2152 2203 factum
2204 2159 2382 2203 contra
2397 2167 2452 2206 20
2525 2180 2528 2182 ·

375 2236 590 2289 vitam1⁷
632 2239 785 2289 Cristi
837 2247 887 2289 et
932 2240 1039 2289 eius
1077 2241 1361 2290 doctrinam
1398 2247 1633 2305 patenter
1670 2239 1922 2289 ascribere
1960 2239 2236 2289 anticristo.
2310 2237 2382 2288 Et

376 2342 492 2374 cum
532 2326 662 2375 ovile
701 2324 854 2375 Cristi
892 2326 1171 2376 secundum
1210 2327 1494 2376 doctrinam
1531 2343 1675 2376 suam
1711 2327 1766 2374 in
1801 2325 1902 2375 fide
1939 2324 2192 2375 catholica
2229 2323 2382 2375 debet

376 2411 490 2472 dici,
544 2418 702 2476 patet,
759 2413 894 2478 quod
945 2412 1062 2462 talis
1099 2413 1318 2463 vicarius
1370 2412 1559 2462 nedum
1605 2419 1681 2462 est
1717 2411 1944 2476 proditor
1982 2409 2135 2460 Cristi
2187 2417 2240 2461 et
2289 2426 2379 2460 sue

374 2496 608 2557 ecclesie,
657 2497 747 2547 sed
784 2498 1099 2563 singularum
1138 2499 1330 2559 ovium,
1386 2515 1512 2564 quas
1549 2497 1744 2547 Cristus
1783 2498 1850 2547 ad
1886 2497 2257 2547 beatitudinem
2295 2496 2378 2546 de-

373 2584 595 2634 stinavit.
669 2583 741 2633 Et
786 2584 827 2633 si
885 2584 1035 2633 homo
1089 2581 1346 2634 studeat²⁸
1399 2584 1662 2634 chronicas
1707 2600 1739 2633 a
1775 2583 1953 2632 mundi
1990 2583 2220 2643 exordio,
2274 2599 2377 2632 non
2393 2596 2447 2636 25
2521 2595 2524 2599 ’

373 2668 580 2728 videbit,
635 2670 769 2735 quod
808 2669 1057 2734 dyabolus
1094 2671 1359 2735 patencius
1394 2670 1492 2719 fuit
1529 2670 1810 2718 contrarius
1845 2669 1965 2719 Iesu
2003 2668 2182 2729 Cristo,
2223 2685 2376 2735 quam

733 2855 857 2894 CAP.
889 2855 973 2894 IV.
1022 2858 1041 2877 α
1071 2871 1105 2895 υ.
1128 2860 1181 2898 33
1299 2853 1316 2877 '²
1347 2870 1409 2908 ep.
1442 2855 1558 2894 Rom.
1593 2858 1657 2906 12,
1694 2857 1743 2894 19

485 3023 503 3048 ⁵
532 3026 726 3067 hostibus
742 3023 1035 3073 ABODGJfi
1054 3028 1098 3066 in
1126 3041 1230 3068 mar.
1291 3041 1367 3068 om.
1385 3028 1431 3067 E
1530 3024 1546 3049 ⁶
1568 3031 1613 3067 et
1628 3026 1837 3066 ABOEG
1896 3039 1972 3065 om.
1989 3025 2032 3065 D
2134 3022 2150 3048 ⁷
2181 3025 2322 3065 2212AE
2336 3025 2374 3064 is

372 3099 470 3138 add.
491 3100 534 3138 in
552 3112 680 3138 mar„-
701 3099 817 3139 Nota
826 3095 957 3138 A¹E²
1059 3095 1077 3119 ⁸
1096 3112 1185 3139 non
1204 3112 1250 3140 se
1269 3096 1421 3150 0D‚B1
1450 3099 1494 3138 in
1523 3112 1627 3138 maa·-
1689 3097 1804 3138 enim
1824 3098 1912 3147 (cr.
1933 3097 2032 3147 out)
2051 3097 2152 3137 seB
2209 3108 2256 3138 se
2271 3096 2372 3142 Aa,

372 3171 426 3217 E,
448 3171 518 3210 but
530 3171 573 3209 in
587 3184 691 3210 mar.
708 3171 744 3209 is
765 3171 863 3211 add.
886 3170 935 3223 by
951 3167 1019 3209 E3
1038 3170 1177 3222 (from
1194 3171 1265 3221 B)
1288 3171 1404 3211 enim
1509 3167 1527 3191 ⁹
1556 3169 1671 3223 ipsos
1687 3169 1900 3209 ABODG
1955 3168 2088 3222 ipsios
2102 3169 2150 3208 E
2230 3163 2268 3189 ¹⁰
2281 3165 2371 3207 nfin-

371 3246 478 3295 gant
493 3238 740 3281 ABDE3G
795 3241 969 3296 fingunt
985 3243 1019 3281 O
1063 3255 1138 3282 om.
1155 3243 1200 3282 E
1294 3239 1326 3263 ¹¹
1358 3242 1386 3283 f.
1418 3256 1474 3283 m.
1505 3255 1540 3283 c.
1572 3241 1612 3282 d.
1644 3241 1740 3294 quis
1756 3236 2050 3287 ABODGAE’3
2067 3241 2165 3280 with
2183 3239 2306 3279 maa-k
2325 3240 2380 3291 of

369 3315 449 3366 ref.
481 3314 603 3353 below
633 3315 699 3353 the
728 3314 805 3354 eol.
855 3313 1012 3367 quisE
1124 3310 1160 3334 ²2
1181 3326 1298 3354 mere
1309 3315 1517 3354 ABOEG
1564 3313 1719 3353 iureD
1826 3309 1862 3334 ¹³
1880 3324 2090 3365 umquam
2105 3311 2194 3351 AB
2249 3323 2370 3351 num-

371 3396 503 3437 quam
518 3385 563 3424 E
617 3384 848 3425 studiosius
866 3386 988 3426 ODG
1095 3382 1129 3406 ²4
1159 3385 1367 3427 defendat
1384 3387 1418 3425 Ο
1452 3420 1455 3424 .
1487 3385 1743 3426 defenderat
1757 3385 1979 3425 ABDE'G
2084 3379 2120 3404 ¹⁵
2149 3385 2226 3422 aut
2240 3383 2375 3422 ΑΒΕ

427 3468 635 3509 umquam
664 3461 741 3496 aut
758 3457 878 3497 ODG
998 3453 1034 3478 ¹⁶
1053 3457 1126 3498 vel
1142 3458 1351 3497 ABODG
1410 3457 1508 3498 talis
1523 3458 1569 3497 E
1682 3454 1717 3478 ¹⁷
1746 3456 1884 3498 vitam
1901 3456 2066 3495 ODEG
2120 3454 2267 3508 legem
2281 3456 2370 3494 AB

372 3523 407 3548 ¹⁸
436 3526 610 3567 studeat
626 3528 836 3567 ABODG
894 3527 1115 3569 studiatE
1131 3530 1174 3568 in
1193 3543 1297 3570 mar.
1357 3530 1400 3568 in
1429 3530 1472 3568 B
1501 3530 1558 3569 Et
1587 3528 1624 3569 si
1652 3528 1780 3569 homo
1810 3527 1956 3568 studet
1985 3527 2022 3567 is
2041 3527 2236 3578 repeated
