2528 4074
934 454 1243 494 GENERAL
1275 452 1494 492 INDEX.

186 598 470 640 Mendacium
485 598 678 640 mendax
691 597 1048 653 pseudofratrum
1070 597 1168 638 348.

186 680 239 686 —-
271 670 402 698 omne
429 655 760 712 precavendum
789 657 888 698 349.

186 739 239 744 —
270 716 318 757 in
347 716 567 758 abstracto
595 725 716 769 papa
745 718 813 755 est
841 714 940 755 349.

185 797 238 802 ——
269 775 553 821 manifestum
581 784 698 827 pape
731 772 828 816 127.

182 855 235 861 —
269 833 324 874 de
353 830 604 887 Augustino
635 831 752 872 248.-

181 913 234 920 -—
266 903 383 945 pape
413 890 469 932 de
500 887 640 930 Cristo
674 889 770 931 129.

10 939 11 942 ¹
87 983 90 986 ,
181 971 235 978 --
296 948 423 990 dictis
483 946 612 989 Cristi
680 947 911 988 minimum
978 947 1166 1002 imponit

235 1007 482 1049 397-398,

179 1089 231 1094 —
262 1065 490 1107 terminari
519 1067 693 1119 oportet
721 1063 768 1105 in
796 1063 970 1106 inferno
1002 1065 1101 1106 352.

180 1147 222 1152 —-
235 1123 349 1165 dacii
376 1128 505 1179 pater
534 1126 602 1164 est
632 1121 849 1177 dyabolus
884 1123 982 1165 328.

177 1206 229 1212 ——
261 1182 430 1224 minere
459 1183 559 1225 351.

174 1264 228 1270 —
259 1241 478 1296 perfeccio
511 1242 580 1283 66.

174 1323 227 1328 -
258 1303 387 1354 pater
414 1300 462 1340 in
492 1298 623 1342 sectis
656 1299 752 1340 196.

173 1381 226 1387 -—
259 1358 463 1413 discipuli
492 1362 596 1400 sunt
623 1356 782 1398 ftatres
812 1357 882 1398 53.

64 1424 99 1475 ¹.
169 1416 216 1457 in
246 1417 372 1459 —cio
402 1422 522 1459 secte
551 1415 738 1458 fundate
767 1419 872 1457 sunt
901 1415 1000 1457 354.

169 1488 225 1516 ex
256 1499 310 1506 -
342 1475 546 1518 canonici
575 1474 853 1530 originantur
881 1474 981 1516 247.

105 1556 109 1560 -
167 1557 223 1564 —
255 1539 375 1576 secte
405 1534 591 1576 fundate
620 1537 725 1575 sunt
756 1533 852 1574 196.

167 1606 300 1647 super
330 1616 385 1623 --
415 1592 605 1635 fundare
634 1604 802 1633 novum
833 1590 1033 1633 ordinem
1054 1593 1153 1634 364.

93 1650 97 1654 “
167 1651 353 1693 —dacia
369 1651 702 1707 adquecunque
717 1662 858 1706 regna
865 1650 1041 1692 mittere
1051 1651 1151 1693 596.

103 1761 106 1762 ⁷
165 1733 220 1739 —
252 1710 476 1752 seminant
503 1715 623 1752 secte
654 1709 754 1752 351.

167 1792 219 1798 -
250 1781 367 1824 pape
389 1769 617 1825 publicare
632 1768 798 1824 lingwe
813 1781 904 1809 non
925 1767 1152 1810 sufficiunt

144 1829 320 1928 '—333‘
336 1887 562 1929 ordinibus
591 1885 776 1941 privatis
807 1886 906 1928 536.

164 1967 213 1973 —
248 1945 390 1987 multa
419 1945 475 1987 de
504 1945 713 1986 stati-ibus
743 1944 964 1986 seminata
992 1946 1092 1987 371.

165 2026 215 2032 —
247 2004 511 2046 scandalosa
539 2004 698 2046 fratres
727 2003 951 2045 seminant
980 2005 1080 2046 371.

74 2091 79 2094 -
161 2086 214 2091 —
244 2076 362 2118 pape
393 2063 456 2105 ad·
480 2075 621 2119 regna
649 2062 784 2104 missa
810 2062 910 2104 575.

161 2145 214 2150 —
247 2121 303 2164 de
320 2122 677 2164 absolucionibus
687 2120 1036 2177 etindulgenciis
1044 2122 1144 2164 573.

160 2203 213 2209 —
245 2181 384 2222 verba
412 2181 598 2223 fratrum
629 2182 699 2223 56.

157 2263 212 2268 —
243 2240 455 2282 simulant
483 2244 603 2281 secte
636 2240 733 2281 143.

157 2321 210 2326 —
243 2298 299 2340 de
330 2299 424 2340 vita
455 2298 586 2340 Cristi
617 2298 714 2340 128.

64 2399 66 2402 .
156 2381 209 2386 —
242 2369 270 2398 a
299 2357 508 2399 fratribus
547 2369 628 2412 per
656 2355 892 2412 ypocrisim
923 2356 1143 2398 seminan-

155 2417 645 2517 —tlgingssyerecundia
681 2486 711 2516 a
746 2473 955 2515 fratribus
991 2474 1142 2516 defen-

212 2533 378 2575 duntur
413 2534 482 2576 36.

158 2614 206 2620 —
240 2591 459 2634 seducunt
487 2591 645 2634 stultos
675 2593 775 2634 348.

154 2650 350 2692 —daciis
381 2651 523 2707 operti
543 2655 647 2692 sunt
666 2650 825 2692 fratres
845 2663 873 2692 a
892 2651 1048 2706 planta
1067 2664 1142 2707 pe-

212 2709 278 2751 ‹lis
307 2723 452 2777 usque
481 2709 696 2752 verticem
726 2710 826 2752 351.

2138 462 2246 509 781

1260 596 1539 638 Mendicacio
1568 611 1659 638 non
1690 602 1757 638 est
1786 597 1912 639 dolor
1944 601 2039 642 189.

1260 678 1316 683 —
1348 655 1533 696 fratrum
1564 669 1654 696 non
1685 655 1873 697 fundata
1905 658 2001 699 708.

1258 736 1314 741 —
1345 726 1435 754 non
1467 718 1534 754 est
1563 713 1763 755 defectus
1794 715 1892 756 190.

1259 794 1311 799 —
1344 784 1435 812 non
1465 776 1532 812 est
1561 771 1791 813 infirmitas
1820 772 2060 826 spiritualis
2093 776 2189 816 189.

1258 852 1311 858 —-
1344 842 1372 870 a
1399 830 1639 871 novissima
1668 835 1790 872 secta
1817 831 2070 873 introducta
2101 834 2199 875 187.

1257 911 1310 916 —
1342 888 1564 929 innuitiva
1596 889 1700 942 1873
1734 890 1832 931 367.

1257 969 1310 975 —-
1342 946 1461 988 facta
1491 946 1574 989 deo
1607 948 1704 989 187.

1255 1027 1323 1057 —‚
1355 1010 1503 1046 utrum
1534 1005 1772 1060 spiritualis
1801 1006 1875 1048 vel
1906 1008 2145 1062 corporalis
2178 1009 2245 1049 in—

1311 1062 1493 1106 firmitas
1524 1064 1581 1106 sit
1613 1066 1710 1107 189.

1255 1145 1304 1151 —-
1339 1123 1384 1163 in
1415 1123 1663 1179 ewangelio
1693 1123 2003 1166 commendata
2025 1125 2122 1167 196.

1253 1203 1306 1209 -
1337 1182 1536 1235 parcium
1565 1182 1698 1223 trium
1732 1184 1828 1225 195.

1252 1262 1305 1267 —
1337 1239 1523 1281 fratrum
1556 1241 1653 1283 194.

1249 1320 1304 1326 ——
1338 1298 1604 1340 detestanda
1634 1304 1702 1341 est
1735 1301 1830 1342 195.

1249 1379 1302 1384 —
1336 1357 1467 1398 Pauli
1502 1359 1598 1400 197.

1248 1437 1304 1444 -
1335 1420 1557 1457 sectarum
1595 1417 1692 1458 193.

1248 1495 1302 1502 ·-
1335 1474 1584 1516 validorum
1617 1477 1714 1518 196.

1247 1554 1300 1560 —-
1335 1532 1465 1575 Cristi
1495 1539 1541 1575 et
1570 1534 1755 1576 fratrum
1787 1535 1885 1576 367.

1245 1613 1300 1620 —
1334 1592 1475 1634 omnis
1506 1605 1562 1634 ex
1592 1598 1777 1648 peccato
1810 1593 1910 1634 366.

1245 1673 1300 1678 -
1333 1651 1474 1692 omnis
1505 1664 1533 1693 a
1563 1651 1681 1693 malo
1713 1656 1780 1693 est
1811 1652 1909 1694 366.

1245 1731 1298 1737 —
1330 1709 1542 1752 instinctu
1574 1710 1755 1763 dyaboli
1783 1709 2036 1752 introducta
2067 1712 2165 1753 366.

1243 1790 1297 1796 —
1330 1767 1628 1811 declamativa
1666 1769 1827 1811 dicitur
1862 1769 2026 1823 peticio
2065 1769 2237 1811 vocalis

1243 1907 1297 1913 —
1330 1885 1627 1928 declamativa
1658 1887 1755 1928 188.

1242 1966 1296 1972 ——
1330 1943 1456 1986 Cr‘isti
1492 1946 1597 1998 1053
1632 1945 1729 1987 190.

1240 2024 1293 2031 —-
1326 2004 1536 2058 pauperis
1567 2003 1831 2060 ewangelici
1864 2004 1960 2045 191.

1240 2062 1464 2104 —acionis
1501 2062 1834 2104 commendacio
1883 2062 1930 2102 in
1977 2062 2229 2118 ewangelio

1235 2203 1293 2210 —
1324 2193 1467 2235 genus
1502 2181 1599 2222 195.

1237 2261 1290 2266 —
1323 2239 1596 2294 etymologia
1631 2239 1724 2280 197.

1236 2321 1290 2326 -
1322 2297 1530 2339 fundacio
1561 2297 1607 2338 in
1636 2297 1738 2353 lege
1771 2296 1938 2338 domini
1972 2298 2068 2340 195.

1237 2379 1290 2384 -—
1322 2369 1530 2398 mensura
1563 2358 1659 2399 197.

1235 2415 1495 2457 —acionem
1547 2414 1813 2457 contrariam
1863 2415 1945 2456 sibi
1996 2414 2228 2469 imponere

1290 2474 1566 2529 blasphemia
1597 2478 1665 2515 est
1698 2475 1794 2515 192.

1234 2556 1287 2561 —
1304 2533 1482 2588 spiritus
1497 2537 1676 2574 sanctus
1691 2531 1898 2574 fidelibus
1913 2517 2108 2573 ostendit
2125 2532 2226 2573 190.

1232 2591 1288 2633 de
1319 2592 1534 2633 —acione
1565 2591 1696 2632 Pauli
1727 2592 1826 2633 197.

1231 2651 1468 2692 —aciones
1499 2655 1720 2692 sectarum
1751 2654 1854 2691 sunt
1882 2650 2061 2691 hereses
2095 2650 2193 2691 143.

1230 2709 1489 2751 Mendicare
1523 2710 1620 2751 197.

153 2791 222 2820 —,
253 2769 445 2824 ypocrisi
475 2773 522 2811 et
539 2767 800 2810 commentis
819 2767 919 2810 aliis
938 2768 1144 2811 falsitatis
1231 2791 1285 2797 -—
1318 2773 1473 2810 contra
1502 2768 1730 2810 dominum
1761 2768 1860 2809 367.

209 2840 269 2882 pa
300 2840 329 2869 a
356 2827 524 2884 tegitur
554 2828 654 2870 396.

0 2918 1 2922 ,
60 2879 62 2933 ζ
151 2885 258 2927 Men
291 2899 347 2928 ax
379 2899 407 2928 a
437 2885 578 2928 Gristo
609 2885 806 2928 declinat
835 2886 934 2929 349.

153 2967 207 2974 —-
239 2945 556 3000 quaternacius
586 2946 685 2988 352.

153 3004 375 3046 —ndaces
404 3008 525 3046 secte
556 3004 626 3046 52.

153 3062 424 3105 —ndacibus
454 3062 602 3105 verbis
622 3061 864 3104 adulantur
882 3061 1039 3104 fratres
1070 3063 1140 3115 52.

152 3121 499 3164 -ndacissimus
527 3121 659 3163 homo
689 3120 858 3163 Gristus
886 3121 1001 3164 foret
1042 3122 1140 3165 128.

152 3179 430 3239 Mendicacio
460 3193 579 3236 pape
611 3181 710 3223 195.

152 3238 594 3340 —nginctabei'ratrum
652 3238 888 3294 extingwit
937 3239 1139 3281 dileccio-

63 3351 65 3354 ⁴
153 3379 207 3385 —
240 3356 414 3398 subtilis
443 3361 663 3398 sectarum
694 3358 765 3398 44.

151 3438 207 3444 -—
239 3414 371 3457 Cristi
402 3416 500 3457 191.

152 3497 205 3502 —
237 3473 422 3515 fratrum
451 3487 542 3516 non
563 3477 632 3515 est
647 3472 881 3516 infirmitas
900 3474 1140 3529 corporalis

152 3532 327 3633 —lggh
358 3595 427 3633 est
455 3590 698 3633 fundabilis
726 3591 773 3632 in
799 3591 1017 3647 scriptura
1040 3592 1138 3635 190.

153 3671 205 3678 —-
237 3648 342 3692 ficta
370 3650 555 3691 fratrum
576 3648 656 3693 ¹20.

1231 2851 1285 2856 —
1319 2827 1510 2869 Cristum
1539 2827 1635 2868 sine
1667 2826 1900 2869 evidencia
1930 2830 1998 2868 est
2030 2826 2127 2867 191.

1233 2910 1287 2915 —
1320 2886 1572 2928 voluntarie
1608 2887 1704 2928 190.

1233 2969 1285 2974 -—
1318 2958 1346 2986 a
1374 2945 1647 3000 pauperibus
1679 2945 1777 2986 189.

1230 3028 1284 3033 -
1317 3005 1374 3046 ab
1406 3004 1562 3060 egenis
1594 3005 1692 3045 189.

1231 3087 1284 3093 —
1317 3076 1491 3119 grossas
1521 3067 1670 3118 partes
1706 3063 1802 3104 195.

1229 3145 1284 3152 -—
1316 3122 1533 3163 minucias
1567 3123 1664 3163 195.

1228 3204 1285 3210 —
1317 3181 1478 3222 dicitur
1507 3193 1535 3221 a
1563 3193 1695 3221 mene
1727 3184 1772 3221 et
1802 3178 1950 3220 dicare
1984 3178 2080 3220 197.

1228 3264 1284 3270 —
1315 3239 1362 3280 in
1392 3244 1511 3281 statu
1541 3238 1802 3280 innocencie
1824 3242 1870 3279 et
1888 3237 2222 3279 benediccionis

1286 3312 1528 3340 consonum
1558 3311 1650 3339 non
1681 3301 1749 3338 est
1778 3297 1877 3339 366.

1229 3381 1282 3386 -—
1314 3356 1619 3413 irregulariter
1654 3361 1783 3411 pater
1812 3353 2035 3396 mendacii
2073 3359 2221 3396 sectas

1287 3415 1438 3458 docuit
1467 3417 1567 3458 368.

1231 3498 1283 3503 —
1300 3475 1511 3516 videntur
1526 3473 1706 3528 dyaboli
1720 3473 1766 3514 in
1775 3470 2099 3527 dampnacione
2115 3471 2216 3513 366.

1229 3557 1283 3562 -
1315 3533 1491 3575 validus
1521 3546 1611 3574 11011
1643 3532 1778 3574 debet
1806 3533 1905 3574 366.

1227 3616 1287 3621 —
1319 3605 1472 3634 omnes
1508 3591 1709 3633 homines
1739 3591 1897 3632 fratres
1926 3588 2084 3631 volunt
2114 3589 2215 3631 366.

1183 3668 1186 3690 ι
1229 3675 1283 3680 -
1316 3651 1513 3692 humana
1542 3649 1774 3691 infirmitas
1804 3653 1872 3692 est
1903 3649 2000 3690 188.
