2528 4074
855 423 1159 464 GENERAL
1194 423 1414 464 INDEX.

111 571 208 614 Pax
239 570 312 612 dei
332 570 390 611 ad
410 571 567 612 fratres
586 581 818 624 nunquam
846 573 1097 610 revertetur

174 629 272 671 370.

74 709 77 713 >
114 710 168 717 —
202 691 248 728 et
266 687 426 728 caritas
446 690 549 727 sunt
568 685 652 726 deo
671 684 771 739 plus
785 684 948 739 placite
965 680 1101 739 quam

173 744 490 787 dominacionis
521 743 758 798 acquisicio
789 742 908 784 fame
940 743 1038 784 280.

114 826 168 833 —
207 803 398 858 corporis
442 802 661 843 abieccior
705 805 772 843 est
808 814 942 856 quam
979 801 1103 856 spiri-

47 906 49 910 ,
173 862 305 903 tualis
343 862 442 902 215.

115 921 236 962 —cis
266 919 453 961 ecclesie
491 919 772 973 perturbator
800 931 919 974 papa
950 919 1048 960 573.

114 991 267 1020 —cem
304 977 580 1032 spiritualem
618 977 806 1032 apostoli
849 977 1103 1019 habuerunt

0 1059 3 1069 ι
46 1078 54 1106 ’·
115 1037 368 1136 —2fflistus
399 1107 575 1149 semper
595 1094 972 1136 recommendavit
1002 1095 1100 1136 688.

113 1177 167 1187 -
197 1153 392 1207 inquirat
426 1166 633 1208 regnum,
673 1154 778 1195 licet
814 1153 976 1195 exinde
1006 1166 1103 1208 per-

169 1211 280 1253 didit
309 1212 572 1266 temporalia
604 1213 702 1254 280.

110 1270 170 1313 ad
201 1294 254 1300 —
287 1270 444 1311 fratres
474 1271 620 1312 nullos
650 1271 868 1313 inducunt
898 1271 997 1312 255.

110 1330 304 1371 Peccare
336 1343 427 1370 non
456 1330 620 1383 poterit
648 1343 767 1385 papa
799 1330 902 1383 1783
935 1330 1033 1371 691.

113 1411 165 1418 —-
199 1387 366 1429 cristus
395 1401 486 1428 non
515 1393 691 1443 poterat
721 1390 820 1430 609.

110 1451 242 1487 —cat
262 1446 444 1502 argucia
463 1446 511 1486 in
530 1447 718 1489 materia
739 1451 784 1488 et
802 1447 850 1488 in
869 1446 1011 1488 forma
1031 1447 1100 1488 95.

98 1510 275 1547 .—cant
304 1518 419 1561 pape
441 1505 637 1560 graviter
656 1505 703 1546 in
723 1518 804 1547 sua
823 1504 1103 1560 presidencia

112 1645 164 1653 —
200 1622 375 1664 ordines
404 1623 496 1679 legi
516 1622 588 1665 dei
609 1622 915 1665 conclusiones
936 1622 1102 1664 adden-

111 1682 462 1797 —tsssegzlliriter
491 1740 690 1795 ypocrite
720 1740 768 1782 in
798 1740 929 1782 sectis
963 1740 1060 1782 145.

46 1803 47 1806 ’
112 1820 167 1828 -
198 1799 396 1854 graviter
425 1799 588 1841 domini
632 1800 929 1855 approbantes
958 1803 1103 1840 sectas

117 1858 379 1970 —4143esciti
406 1921 587 1972 propter
617 1916 834 1959 desidiam
863 1888 1103 1972 spiritualis

176 1974 384 2016 adiutorii
415 1976 514 2018 330.

43 2039 49 2042 “
114 2033 292 2074 -cavit
319 2034 480 2075 Petrus
512 2035 611 2077 668.

114 2114 169 2120 —
200 2091 330 2134 homo
361 2093 460 2135 212.

115 2173 170 2182 -—
198 2151 358 2192 Petrus
390 2155 543 2193 contra
574 2151 839 2208 decalogum
872 2153 968 2194 145.

112 2221 278 2250 —cans
308 2210 466 2265 recipit
485 2210 532 2251 in
554 2210 768 2266 paschate
791 2210 1103 2252 eucharistiam

112 2349 169 2357 -—
201 2326 437 2369 confitetur
466 2340 541 2369 ore
562 2327 702 2369 semel
720 2327 767 2369 in
789 2341 907 2370 anno
927 2328 1103 2383 proprio

171 2385 390 2428 sacerdoti
420 2387 519 2428 508.

113 2448 348 2486 —cantem
376 2457 496 2500 papa
523 2458 615 2486 non
643 2445 870 2501 cognoscit
901 2446 999 2488 627.

112 2507 297 2544 -catur
326 2516 354 2544 a
382 2504 590 2545 fratribus
619 2508 774 2546 contra
794 2505 1038 2546 trinitatem
1060 2508 1106 2546 et

173 2562 421 2616 quamlibet
449 2567 700 2604 creaturam
731 2564 830 2605 368.
1037 2610 1039 2612 ,

114 2620 304 2661 —candi
334 2625 489 2662 auctor
519 2621 629 2663 deus
659 2635 750 2663 non
776 2620 848 2663 ‘est
879 2622 977 2664 265.

111 2678 328 2720 Peccator
341 2680 484 2721 multa
497 2684 643 2735 potest
656 2679 805 2722 facere
820 2694 955 2736 supra
970 2681 1104 2736 deum

114 2819 170 2825 —
199 2796 503 2851 principaliter
522 2801 664 2839 semet
683 2797 828 2852 ipsum
847 2797 987 2840 inficit
1003 2799 1102 2841 247.

113 2877 169 2888 --
199 2868 291 2896 non
328 2856 463 2897 debet
499 2860 830 2910 comtempnere
867 2862 1023 2912 petere
1052 2859 1103 2900 li-

171 2914 372 2955 cenciam
401 2914 471 2956 sui
498 2914 661 2969 prelati
691 2916 791 2957 508.

117 2994 165 3003 --
205 2985 296 3014 non
333 2972 468 3015 debet
503 2978 819 3028 contempnere
855 2979 1009 3029 petere
1052 2975 1103 3016 li-

171 3031 371 3073 cenciam
399 3032 565 3087 proprii
594 3032 834 3074 sacerdotis
866 3034 965 3075 508.

114 3111 169 3132 -.—
199 3089 278 3131 wlt
306 3091 482 3133 variare
511 3091 559 3132 in
577 3091 734 3132 ritibus
754 3091 971 3147 religiosis
1002 3094 1101 3135 508.·

115 3170 169 3178 —
201 3148 239 3189 si
274 3162 366 3190 non
401 3149 630 3191 confessus
658 3149 788 3202 latet,
826 3150 1102 3193 inconfessus

173 3205 488 3262 dampnabitur
518 3209 616 3250 509.

113 3287 168 3295 —-—
200 3265 247 3306 in
284 3266 486 3321 spiritum
523 3270 726 3309 sanctum
761 3271 978 3323 perpetue
1022 3282 1102 3324 pu-

171 3323 320 3365 nietur
349 3325 448 3367 329.

115 3386 290 3424 —tores
319 3383 470 3425 multis
499 3384 642 3426 modis
670 3389 774 3426 sunt
799 3384 919 3427 fures
949 3391 1103 3428 contra

172 3440 307 3483 deum
340 3442 438 3484 121.

31 3539 33 3543 .
114 3522 169 3532 --
201 3500 422 3555 quomodo
451 3501 695 3556 puniantur
723 3502 822 3544 329.

78 3567 81 3570 ’
113 3557 354 3600 Peccatum
385 3559 669 3602 continuatur
698 3573 726 3602 a
754 3560 886 3603 sectis
917 3562 986 3604 72.

30 3664 33 3670 A
115 3638 171 3648 —
200 3631 291 3659 non
322 3617 458 3660 habet
478 3618 649 3672 ‚ydeam
677 3619 725 3660 in
753 3618 837 3661 deo
868 3621 967 3663 265.

2073 428 2174 476 799

1187 569 1428 610 Peccatum
1450 572 1517 609 est
1547 567 1767 608 dimittere
1792 572 1931 608 status
1953 568 1999 609 in
2031 582 2176 610 ewan-

1248 627 1365 682 gelio
1397 626 1621 667 ordinatos
1653 626 1751 667 268.

1192 707 1240 714 -
1275 684 1619 725 fratrifactorum
1655 684 1753 725 526.

1190 766 1245 772 —
1277 742 1606 783 abhominabile
1637 746 1705 783 est
1735 741 1808 782 dei
1837 741 1977 783 filium
1998 743 2179 785 inhono-

1248 813 1346 842 rare
1381 801 1478 842 171.

1194 882 1247 889 —
1279 858 1572 900 indifferentis
1605 860 1673 900 61.

1192 940 1246 947 -—
1280 917 1483 959 ordinum
1514 917 1748 959 invalescit
1779 918 1878 959 213.

1193 999 1247 1006 —
1265 976 1571 1018 absconditum
1588 981 1655 1018 est
1669 989 1958 1031 personarum
1975 977 2181 1031 accepcio

1191 1117 1247 1123 —-
1280 1107 1417 1149 grave
1449 1093 1571 1134 Petri
1601 1097 1647 1134 et
1676 1098 1930 1135 sanctorum
1964 1094 2061 1135 176.

1191 1176 1245 1183 -—
1280 1153 1513 1207 multiplex
1543 1152 1736 1206 corporis
1767 1152 1955 1193 ecclesie
1991 1153 2086 1194 145.

1192 1235 1248 1241 -—
1279 1215 1433 1252 contra
1463 1211 1621 1252 fratres
1653 1213 1722 1252 95.

1194 1293 1248 1299 —
1282 1269 1499 1324 originale
1532 1270 1600 1310 91.

1192 1353 1245 1357 —
1264 1328 1526 1369 detestabile
1544 1328 1722 1369 mentiri
1736 1341 2066 1383 superpersona
2085 1329 2181 1370 128.

1197 1410 1239 1416 -
1281 1392 1347 1428 est
1367 1386 1545 1428 mentiri
1561 1400 1694 1441 super
1709 1387 1857 1428 Iesum
1876 1387 2065 1428 Cristum
2085 1388 2181 1429 128.

1192 1469 1245 1475 -
1278 1445 1544 1500 nepharium
1575 1450 1711 1499 atque
1742 1445 2051 1500 blasphemum
2085 1447 2182 1488 128.

1191 1528 1247 1534 -
1279 1503 1461 1558 dyaboli
1489 1503 1747 1545 insensibile
1779 1505 1848 1546 93.

1193 1587 1247 1593 —
1280 1567 1439 1619 gravat
1468 1562 1514 1602 in
1544 1562 1695 1617 primis
1717 1562 1974 1604 dotantibus
1996 1568 2041 1605 et
2060 1563 2185 1605 here-

1251 1621 1380 1663 dibus
1411 1622 1510 1662 246.

1194 1704 1247 1710 —-
1281 1685 1348 1722 est
1377 1680 1564 1735 perdere
1594 1680 1848 1722 libertatem
1882 1681 1979 1723 185.

1191 1763 1247 1769 —
1279 1739 1611 1795 ingratitudinis
1643 1740 1741 1781 365.

1192 1822 1246 1828 —
1280 1798 1483 1840 Silvestri
1514 1799 1612 1840 669.

1192 1881 1248 1887 —
1280 1871 1327 1899 se
1359 1858 1504 1912 ipsum
1536 1856 1723 1898 destruit
1754 1858 1853 1898 591.

1195 1940 1244 1946 -
1280 1930 1422 1971 usque
1452 1915 1509 1956 ad
1529 1915 1664 1957 finem
1684 1915 1873 1957 hominis
1893 1929 2185 1970 perseverans

1252 1980 1319 2017 est
1349 1975 1648 2017 irremissibile
1680 1975 1779 2016 627.

1194 2058 1248 2064 ——
1280 2034 1459 2089 presciti
1496 2033 1719 2074 infinitum
1756 2033 1884 2088 peius
1922 2047 2057 2088 quam
2088 2047 2185 2089 pre-

1252 2093 1462 2134 destinati
1493 2093 1591 2134 363.

1194 2174 1248 2181 -—
1297 2151 1574 2207 opprimendi
1619 2150 1808 2206 wlgares
1855 2151 1961 2193 dicit
2005 2151 2186 2193 finalem

1253 2210 1606 2253 destruccionem
1633 2210 1762 2265 regni
1792 2211 1891 2252 423.

1193 2292 1250 2299 —
1282 2270 1563 2311 commissum
1594 2274 1748 2311 contra
1779 2268 2069 2311 clemenciam
2090 2283 2187 2324 per-

1252 2342 1359 2370 sone
1375 2329 1512 2370 tercie
1528 2328 1714 2383 impedit
1729 2328 1959 2370 caritatem
1969 2328 2015 2369 in
2022 2329 2187 2384 Anglia

1252 2388 1503 2443 germinare
1539 2388 1639 2430 425.

1194 2470 1248 2476 —
1280 2459 1469 2501 persone
1501 2451 1568 2488 est
1596 2451 1831 2502 peccatum
1851 2446 1993 2487 tocius
2023 2445 2187 2487 ordinis

1194 2590 1248 2596 —-
1281 2564 1515 2619 spirituum
1552 2563 1599 2604 in
1635 2563 1808 2605 inferno
1846 2562 2127 2605 detentorum
2159 2576 2186 2604 a

1253 2622 1336 2664 deo
1369 2623 1566 2679 graviter
1595 2623 1778 2677 punitur
1807 2622 1906 2663 246.

1194 2706 1249 2712 —
1283 2682 1508 2723 ordinibus
1538 2682 1722 2736 privatis
1752 2681 1979 2736 proprium
2009 2681 2109 2725 479.

1195 2765 1250 2770 —
1282 2754 1419 2796 grave
1451 2745 1518 2782 est
1547 2740 1747 2781 iniuriari
1778 2740 1861 2781 deo
1892 2741 1992 2782 477.

1195 2823 1250 2830 -
1283 2813 1414 2841 omne
1445 2798 1729 2841 mendacium
1761 2804 1828 2841 est
1858 2799 1957 2841 348.

1193 2858 1315 2900 —ati
1343 2859 1529 2900 fratrum
1567 2858 1614 2899 in
1650 2871 1839 2914 regnum
1869 2857 2032 2913 Anglie
2062 2857 2185 2899 satis-

1251 2917 1391 2959 faccio
1424 2918 1523 2960 714.

1193 2999 1247 3005 —
1300 2976 1573 3018 immensitas
1608 2975 1793 3030 requirit
1829 2975 2183 3017 satisfaccionem

1193 3117 1248 3124 —
1279 3094 1558 3135 continuacio
1591 3094 1659 3135 72.

1192 3176 1247 3183 —
1279 3153 1528 3194 communio
1560 3153 1659 3194 351.

1191 3211 1246 3252 de
1279 3216 1409 3253 -ato
1440 3210 1842 3266 predestinatorum
1874 3211 1973 3252 678.

1189 3270 1284 3311 sine
1317 3293 1371 3300 —
1404 3269 1686 3311 ambulantes
1715 3269 1762 3310 in
1792 3269 1944 3325 gracia
1974 3269 2043 3311 62.

1190 3341 1218 3370 a
1249 3352 1301 3358 -
1335 3328 1465 3370 homo
1495 3342 1587 3370 non
1618 3328 1807 3370 absolvit
1839 3329 1936 3370 165.

1191 3387 1246 3429 de
1279 3410 1333 3417 —
1363 3387 1539 3429 mortali
1558 3401 1690 3429 nemo
1712 3387 1956 3429 conteritur
1974 3386 2060 3427 nisi
2080 3400 2181 3428 cum

1248 3446 1332 3488 hoc
1362 3445 1626 3488 confiteatur
1663 3445 1746 3488 deo
1783 3450 1829 3488 et
1858 3446 1914 3487 ab
1947 3458 2000 3487 eo
2030 3458 2181 3487 recon-

1249 3505 1425 3546 cilietur
1456 3506 1554 3547 509.

1190 3563 1236 3604 in
1266 3587 1323 3594 —
1354 3563 1542 3605 notabili
1572 3563 1650 3618 qui
1680 3562 1925 3605 defecerint
1953 3566 2058 3604 sunt
2077 3575 2179 3604 cum

1248 3622 1549 3664 moderamine
1581 3621 1837 3677 expellendi
1866 3622 1965 3664 285.
