<?xml version="1.0" encoding="UTF-8"?>
<!DOCTYPE html PUBLIC "-//W3C//DTD XHTML 1.0 Transitional//EN"
    "http://www.w3.org/TR/xhtml1/DTD/xhtml1-transitional.dtd">
<html xmlns="http://www.w3.org/1999/xhtml" xml:lang="en" lang="en">
 <head>
  <title>
</title>
<meta http-equiv="Content-Type" content="text/html;charset=utf-8" />
  <meta name='ocr-system' content='tesseract 3.04.00' />
  <meta name='ocr-capabilities' content='ocr_page ocr_carea ocr_par ocr_line ocrx_word'/>
</head>
<body>
  <div class='ocr_page' id='page_1' title='image "./johnwiclifspolem02wycluoft_0428.png"; bbox 0 0 2528 4074; ppageno 0'>
   <div class='ocr_carea' id='block_1_1' title="bbox 366 381 470 429">
    <p class='ocr_par' dir='ltr' id='par_1_1' title="bbox 366 381 470 429">
     <span class='ocr_line' id='line_1_1' title="bbox 366 381 470 429; baseline 0 0"><span class='ocrx_word' id='word_1_1' title='bbox 366 381 470 429; x_wconf 89' lang='grc'>798</span> 
     </span>
    </p>
   </div>
   <div class='ocr_carea' id='block_1_2' title="bbox 365 518 1337 2743">
    <p class='ocr_par' dir='ltr' id='par_1_2' title="bbox 365 518 1328 617">
     <span class='ocr_line' id='line_1_2' title="bbox 365 518 1328 574; baseline -0.001 -14"><span class='ocrx_word' id='word_1_2' title='bbox 365 519 544 560; x_wconf 89' lang='lat' dir='ltr'>Patroni</span> <span class='ocrx_word' id='word_1_3' title='bbox 573 523 788 560; x_wconf 86' lang='lat' dir='ltr'>sectarum</span> <span class='ocrx_word' id='word_1_4' title='bbox 808 519 949 574; x_wconf 84' lang='lat' dir='ltr'>ignari</span> <span class='ocrx_word' id='word_1_5' title='bbox 970 524 1014 560; x_wconf 93' lang='lat' dir='ltr'>et</span> <span class='ocrx_word' id='word_1_6' title='bbox 1043 518 1187 560; x_wconf 85' lang='lat' dir='ltr'>stolidi</span> <span class='ocrx_word' id='word_1_7' title='bbox 1216 530 1328 560; x_wconf 88' lang='lat' dir='ltr'>erra·</span> 
     </span>
     <span class='ocr_line' id='line_1_3' title="bbox 424 577 699 617; baseline 0.004 -1"><span class='ocrx_word' id='word_1_8' title='bbox 424 580 583 617; x_wconf 89' lang='lat' dir='ltr'>verunt</span> <span class='ocrx_word' id='word_1_9' title='bbox 604 577 699 617; x_wconf 99' lang='grc'><strong>705.</strong></span> 
     </span>
    </p>

    <p class='ocr_par' dir='ltr' id='par_1_3' title="bbox 369 633 1283 687">
     <span class='ocr_line' id='line_1_4' title="bbox 369 633 1283 687; baseline 0 -14"><span class='ocrx_word' id='word_1_10' title='bbox 369 657 422 663; x_wconf 85' lang='grc'><strong>-</strong></span> <span class='ocrx_word' id='word_1_11' title='bbox 454 633 635 674; x_wconf 88' lang='lat' dir='ltr'>fortasse</span> <span class='ocrx_word' id='word_1_12' title='bbox 666 633 719 674; x_wconf 89' lang='lat' dir='ltr'>de</span> <span class='ocrx_word' id='word_1_13' title='bbox 750 639 874 675; x_wconf 81' lang='lat' dir='ltr'>reatu</span> <span class='ocrx_word' id='word_1_14' title='bbox 904 633 1187 687; x_wconf 82' lang='lat' dir='ltr'>penituerunt</span> <span class='ocrx_word' id='word_1_15' title='bbox 1216 633 1283 674; x_wconf 89' lang='lat'>24.</span> 
     </span>
    </p>

    <p class='ocr_par' dir='ltr' id='par_1_4' title="bbox 367 690 1329 745">
     <span class='ocr_line' id='line_1_5' title="bbox 367 690 1329 745; baseline 0 -14"><span class='ocrx_word' id='word_1_16' title='bbox 367 713 421 720; x_wconf 89' lang='lat'>-—</span> <span class='ocrx_word' id='word_1_17' title='bbox 455 695 500 731; x_wconf 90' lang='lat' dir='ltr'>et</span> <span class='ocrx_word' id='word_1_18' title='bbox 527 690 679 745; x_wconf 86' lang='lat' dir='ltr'>regule</span> <span class='ocrx_word' id='word_1_19' title='bbox 716 696 931 732; x_wconf 87' lang='lat' dir='ltr'>sectarum</span> <span class='ocrx_word' id='word_1_20' title='bbox 968 691 1110 731; x_wconf 90' lang='lat' dir='ltr'>minus</span> <span class='ocrx_word' id='word_1_21' title='bbox 1147 690 1329 744; x_wconf 87' lang='lat' dir='ltr'>perfecti</span> 
     </span>
    </p>

    <p class='ocr_par' dir='ltr' id='par_1_5' title="bbox 371 804 1231 858">
     <span class='ocr_line' id='line_1_6' title="bbox 371 804 1231 858; baseline 0.001 -14"><span class='ocrx_word' id='word_1_22' title='bbox 371 827 423 834; x_wconf 89' lang='lat'>—</span> <span class='ocrx_word' id='word_1_23' title='bbox 455 804 613 858; x_wconf 88' lang='lat' dir='ltr'>privati</span> <span class='ocrx_word' id='word_1_24' title='bbox 641 804 855 845; x_wconf 86' lang='lat' dir='ltr'>notabiles</span> <span class='ocrx_word' id='word_1_25' title='bbox 884 810 1134 858; x_wconf 81' lang='lat' dir='ltr'>peccatores</span> <span class='ocrx_word' id='word_1_26' title='bbox 1164 805 1231 846; x_wconf 92' lang='lat'>39.</span> 
     </span>
    </p>

    <p class='ocr_par' dir='ltr' id='par_1_6' title="bbox 369 861 1327 915">
     <span class='ocr_line' id='line_1_7' title="bbox 369 861 1327 915; baseline 0.001 -14"><span class='ocrx_word' id='word_1_27' title='bbox 369 885 424 891; x_wconf 90' lang='lat'>—</span> <span class='ocrx_word' id='word_1_28' title='bbox 446 861 603 915; x_wconf 84' lang='lat' dir='ltr'>privati</span> <span class='ocrx_word' id='word_1_29' title='bbox 618 861 790 915; x_wconf 88' lang='lat' dir='ltr'>privant</span> <span class='ocrx_word' id='word_1_30' title='bbox 805 874 851 902; x_wconf 91' lang='lat' dir='ltr'>se</span> <span class='ocrx_word' id='word_1_31' title='bbox 868 867 912 902; x_wconf 93' lang='lat' dir='ltr'>et</span> <span class='ocrx_word' id='word_1_32' title='bbox 927 868 1067 902; x_wconf 88' lang='lat' dir='ltr'>sectas</span> <span class='ocrx_word' id='word_1_33' title='bbox 1083 862 1235 902; x_wconf 88' lang='lat' dir='ltr'>merito</span> <span class='ocrx_word' id='word_1_34' title='bbox 1260 861 1327 902; x_wconf 90' lang='lat'>32.</span> 
     </span>
    </p>

    <p class='ocr_par' dir='ltr' id='par_1_7' title="bbox 369 918 1329 972">
     <span class='ocr_line' id='line_1_8' title="bbox 369 918 1329 972; baseline -0.001 -14"><span class='ocrx_word' id='word_1_35' title='bbox 369 941 423 948; x_wconf 91' lang='lat'>—</span> <span class='ocrx_word' id='word_1_36' title='bbox 455 918 613 972; x_wconf 85' lang='lat' dir='ltr'>privati</span> <span class='ocrx_word' id='word_1_37' title='bbox 632 923 733 958; x_wconf 92' lang='lat' dir='ltr'>sunt</span> <span class='ocrx_word' id='word_1_38' title='bbox 748 923 871 959; x_wconf 87' lang='lat' dir='ltr'>extra</span> <span class='ocrx_word' id='word_1_39' title='bbox 885 918 1015 959; x_wconf 91' lang='lat' dir='ltr'>fidem</span> <span class='ocrx_word' id='word_1_40' title='bbox 1031 918 1239 972; x_wconf 81' lang='lat' dir='ltr'>scripture</span> <span class='ocrx_word' id='word_1_41' title='bbox 1260 918 1329 958; x_wconf 91' lang='lat'>24.</span> 
     </span>
    </p>

    <p class='ocr_par' dir='ltr' id='par_1_8' title="bbox 376 974 1330 1085">
     <span class='ocr_line' id='line_1_9' title="bbox 376 974 1330 1029; baseline 0 -14"><span class='ocrx_word' id='word_1_42' title='bbox 376 999 423 1005; x_wconf 92' lang='lat'>—</span> <span class='ocrx_word' id='word_1_43' title='bbox 455 975 562 1029; x_wconf 88' lang='lat' dir='ltr'>priv.</span> <span class='ocrx_word' id='word_1_44' title='bbox 611 974 823 1015; x_wconf 88' lang='lat' dir='ltr'>inducunt</span> <span class='ocrx_word' id='word_1_45' title='bbox 870 975 1063 1029; x_wconf 85' lang='lat' dir='ltr'>apocrifa</span> <span class='ocrx_word' id='word_1_46' title='bbox 1110 976 1156 1015; x_wconf 92' lang='lat' dir='ltr'>in</span> <span class='ocrx_word' id='word_1_47' title='bbox 1201 974 1330 1015; x_wconf 89' lang='lat' dir='ltr'>sectis</span> 
     </span>
     <span class='ocr_line' id='line_1_10' title="bbox 426 1031 906 1085; baseline -0.002 -12"><span class='ocrx_word' id='word_1_48' title='bbox 426 1038 649 1085; x_wconf 83' lang='lat' dir='ltr'>tamquam</span> <span class='ocrx_word' id='word_1_49' title='bbox 677 1031 808 1072; x_wconf 90' lang='lat' dir='ltr'>fidem</span> <span class='ocrx_word' id='word_1_50' title='bbox 838 1033 906 1074; x_wconf 92' lang='lat'>24.</span> 
     </span>
    </p>

    <p class='ocr_par' dir='ltr' id='par_1_9' title="bbox 371 1088 1309 1130">
     <span class='ocr_line' id='line_1_11' title="bbox 371 1088 1309 1130; baseline -0.001 -1"><span class='ocrx_word' id='word_1_51' title='bbox 371 1112 424 1118; x_wconf 92' lang='lat'>—</span> <span class='ocrx_word' id='word_1_52' title='bbox 456 1088 677 1129; x_wconf 91' lang='lat' dir='ltr'>excellunt</span> <span class='ocrx_word' id='word_1_53' title='bbox 705 1089 862 1130; x_wconf 92' lang='lat' dir='ltr'>multos</span> <span class='ocrx_word' id='word_1_54' title='bbox 893 1088 1181 1130; x_wconf 91' lang='lat' dir='ltr'>duodenarios</span> <span class='ocrx_word' id='word_1_55' title='bbox 1213 1089 1309 1130; x_wconf 91' lang='lat'>704.</span> 
     </span>
    </p>

    <p class='ocr_par' dir='ltr' id='par_1_10' title="bbox 371 1145 1238 1187">
     <span class='ocr_line' id='line_1_12' title="bbox 371 1145 1238 1187; baseline 0.001 -2"><span class='ocrx_word' id='word_1_56' title='bbox 371 1169 423 1175; x_wconf 94' lang='lat'>—</span> <span class='ocrx_word' id='word_1_57' title='bbox 455 1150 672 1186; x_wconf 87' lang='lat' dir='ltr'>sectarum</span> <span class='ocrx_word' id='word_1_58' title='bbox 701 1145 896 1187; x_wconf 90' lang='lat' dir='ltr'>homines</span> <span class='ocrx_word' id='word_1_59' title='bbox 926 1146 1112 1187; x_wconf 87' lang='lat' dir='ltr'>oderunt</span> <span class='ocrx_word' id='word_1_60' title='bbox 1141 1146 1238 1186; x_wconf 89' lang='lat'>250.</span> 
     </span>
    </p>

    <p class='ocr_par' dir='ltr' id='par_1_11' title="bbox 371 1203 1332 1301">
     <span class='ocr_line' id='line_1_13' title="bbox 371 1203 1332 1258; baseline 0.001 -16"><span class='ocrx_word' id='word_1_61' title='bbox 371 1225 424 1232; x_wconf 89' lang='lat'>—-</span> <span class='ocrx_word' id='word_1_62' title='bbox 454 1215 560 1243; x_wconf 91' lang='lat' dir='ltr'>num</span> <span class='ocrx_word' id='word_1_63' title='bbox 588 1203 634 1242; x_wconf 92' lang='lat' dir='ltr'>in</span> <span class='ocrx_word' id='word_1_64' title='bbox 671 1203 909 1245; x_wconf 87' lang='lat' dir='ltr'>ordinando</span> <span class='ocrx_word' id='word_1_65' title='bbox 946 1208 1086 1245; x_wconf 88' lang='lat' dir='ltr'>sectas</span> <span class='ocrx_word' id='word_1_66' title='bbox 1125 1215 1332 1258; x_wconf 87' lang='lat' dir='ltr'>peccave·</span> 
     </span>
     <span class='ocr_line' id='line_1_14' title="bbox 426 1260 654 1301; baseline 0 -1"><span class='ocrx_word' id='word_1_67' title='bbox 426 1264 528 1300; x_wconf 88' lang='lat' dir='ltr'>runt</span> <span class='ocrx_word' id='word_1_68' title='bbox 559 1260 654 1301; x_wconf 92' lang='lat'>704.</span> 
     </span>
    </p>

    <p class='ocr_par' dir='ltr' id='par_1_12' title="bbox 374 1317 1281 1359">
     <span class='ocr_line' id='line_1_15' title="bbox 374 1317 1281 1359; baseline 0.001 -2"><span class='ocrx_word' id='word_1_69' title='bbox 374 1330 614 1357; x_wconf 87' lang='lat' dir='ltr'>—onorum</span> <span class='ocrx_word' id='word_1_70' title='bbox 643 1317 815 1358; x_wconf 86' lang='lat' dir='ltr'>ordines</span> <span class='ocrx_word' id='word_1_71' title='bbox 844 1317 977 1358; x_wconf 91' lang='lat' dir='ltr'>nichil</span> <span class='ocrx_word' id='word_1_72' title='bbox 1006 1318 1157 1358; x_wconf 88' lang='lat' dir='ltr'>valent</span> <span class='ocrx_word' id='word_1_73' title='bbox 1184 1318 1281 1359; x_wconf 87' lang='grc'><strong>468.</strong></span> 
     </span>
    </p>

    <p class='ocr_par' dir='ltr' id='par_1_13' title="bbox 373 1373 889 1416">
     <span class='ocr_line' id='line_1_16' title="bbox 373 1373 889 1416; baseline 0.006 -3"><span class='ocrx_word' id='word_1_74' title='bbox 373 1398 427 1404; x_wconf 82' lang='grc'><strong>-</strong></span> <span class='ocrx_word' id='word_1_75' title='bbox 457 1373 630 1415; x_wconf 89' lang='lat' dir='ltr'>habitus</span> <span class='ocrx_word' id='word_1_76' title='bbox 659 1374 763 1415; x_wconf 81' lang='lat' dir='ltr'>novi</span> <span class='ocrx_word' id='word_1_77' title='bbox 794 1375 889 1416; x_wconf 88' lang='grc'><strong>704.</strong></span> 
     </span>
    </p>

    <p class='ocr_par' dir='ltr' id='par_1_14' title="bbox 371 1431 879 1486">
     <span class='ocr_line' id='line_1_17' title="bbox 371 1431 879 1486; baseline 0.002 -15"><span class='ocrx_word' id='word_1_78' title='bbox 371 1455 426 1461; x_wconf 94' lang='grc'>--</span> <span class='ocrx_word' id='word_1_79' title='bbox 456 1431 609 1486; x_wconf 85' lang='lat' dir='ltr'>regule</span> <span class='ocrx_word' id='word_1_80' title='bbox 639 1444 752 1472; x_wconf 88' lang='lat' dir='ltr'>nove</span> <span class='ocrx_word' id='word_1_81' title='bbox 785 1432 879 1473; x_wconf 88' lang='lat'>704.</span> 
     </span>
    </p>

    <p class='ocr_par' dir='ltr' id='par_1_15' title="bbox 373 1489 1283 1542">
     <span class='ocr_line' id='line_1_18' title="bbox 373 1489 1283 1542; baseline 0.002 -14"><span class='ocrx_word' id='word_1_82' title='bbox 373 1511 425 1518; x_wconf 91' lang='lat'>-—</span> <span class='ocrx_word' id='word_1_83' title='bbox 456 1493 672 1529; x_wconf 89' lang='lat' dir='ltr'>sectarum</span> <span class='ocrx_word' id='word_1_84' title='bbox 702 1489 856 1530; x_wconf 88' lang='lat' dir='ltr'>stolide</span> <span class='ocrx_word' id='word_1_85' title='bbox 885 1489 1156 1542; x_wconf 90' lang='lat' dir='ltr'>presumpcio</span> <span class='ocrx_word' id='word_1_86' title='bbox 1189 1490 1283 1531; x_wconf 89' lang='lat'>704.</span> 
     </span>
    </p>

    <p class='ocr_par' dir='ltr' id='par_1_16' title="bbox 373 1545 1334 1643">
     <span class='ocr_line' id='line_1_19' title="bbox 373 1545 1334 1601; baseline 0.002 -16"><span class='ocrx_word' id='word_1_87' title='bbox 373 1569 427 1575; x_wconf 89' lang='lat'>—</span> <span class='ocrx_word' id='word_1_88' title='bbox 477 1545 743 1599; x_wconf 85' lang='lat' dir='ltr'>privatorum</span> <span class='ocrx_word' id='word_1_89' title='bbox 792 1546 945 1601; x_wconf 83' lang='lat' dir='ltr'>religio</span> <span class='ocrx_word' id='word_1_90' title='bbox 995 1547 1147 1587; x_wconf 91' lang='lat' dir='ltr'>melior</span> <span class='ocrx_word' id='word_1_91' title='bbox 1201 1559 1334 1600; x_wconf 91' lang='lat' dir='ltr'>quam</span> 
     </span>
     <span class='ocr_line' id='line_1_20' title="bbox 431 1602 655 1643; baseline 0.004 -1"><span class='ocrx_word' id='word_1_92' title='bbox 431 1602 558 1643; x_wconf 83' lang='lat' dir='ltr'>cristi</span> <span class='ocrx_word' id='word_1_93' title='bbox 588 1604 655 1643; x_wconf 89' lang='lat'>34.</span> 
     </span>
    </p>

    <p class='ocr_par' dir='ltr' id='par_1_17' title="bbox 374 1660 789 1700">
     <span class='ocr_line' id='line_1_21' title="bbox 374 1660 789 1700; baseline 0.002 -1"><span class='ocrx_word' id='word_1_94' title='bbox 374 1683 427 1688; x_wconf 97' lang='lat'><strong>—</strong></span> <span class='ocrx_word' id='word_1_95' title='bbox 458 1660 663 1700; x_wconf 84' lang='lat' dir='ltr'>sanctitas</span> <span class='ocrx_word' id='word_1_96' title='bbox 695 1661 789 1700; x_wconf 89' lang='grc'><strong>176.</strong></span> 
     </span>
    </p>

    <p class='ocr_par' dir='ltr' id='par_1_18' title="bbox 373 1716 1103 1771">
     <span class='ocr_line' id='line_1_22' title="bbox 373 1716 1103 1771; baseline 0.004 -15"><span class='ocrx_word' id='word_1_97' title='bbox 373 1741 425 1746; x_wconf 93' lang='grc'><strong>-</strong></span> <span class='ocrx_word' id='word_1_98' title='bbox 458 1717 710 1771; x_wconf 85' lang='lat' dir='ltr'>ignorancia</span> <span class='ocrx_word' id='word_1_99' title='bbox 738 1717 847 1770; x_wconf 83' lang='lat' dir='ltr'>legis</span> <span class='ocrx_word' id='word_1_100' title='bbox 879 1716 1006 1758; x_wconf 87' lang='lat' dir='ltr'>Oristi</span> <span class='ocrx_word' id='word_1_101' title='bbox 1036 1719 1103 1759; x_wconf 89' lang='grc'>96.</span> 
     </span>
    </p>

    <p class='ocr_par' dir='ltr' id='par_1_19' title="bbox 372 1774 1000 1828">
     <span class='ocr_line' id='line_1_23' title="bbox 372 1774 1000 1828; baseline 0.005 -15"><span class='ocrx_word' id='word_1_102' title='bbox 372 1797 427 1802; x_wconf 93' lang='grc'>-</span> <span class='ocrx_word' id='word_1_103' title='bbox 458 1774 612 1828; x_wconf 87' lang='lat' dir='ltr'>regula</span> <span class='ocrx_word' id='word_1_104' title='bbox 639 1787 727 1814; x_wconf 92' lang='lat' dir='ltr'>non</span> <span class='ocrx_word' id='word_1_105' title='bbox 756 1774 874 1815; x_wconf 86' lang='lat' dir='ltr'>utilis</span> <span class='ocrx_word' id='word_1_106' title='bbox 904 1776 1000 1816; x_wconf 88' lang='lat'>300.</span> 
     </span>
    </p>

    <p class='ocr_par' dir='ltr' id='par_1_20' title="bbox 371 1831 1228 1874">
     <span class='ocr_line' id='line_1_24' title="bbox 371 1831 1228 1874; baseline 0.004 -4"><span class='ocrx_word' id='word_1_107' title='bbox 371 1843 399 1871; x_wconf 86' lang='lat' dir='ltr'>a</span> <span class='ocrx_word' id='word_1_108' title='bbox 429 1853 483 1860; x_wconf 94' lang='lat'>—</span> <span class='ocrx_word' id='word_1_109' title='bbox 514 1831 588 1871; x_wconf 86' lang='lat' dir='ltr'>via</span> <span class='ocrx_word' id='word_1_110' title='bbox 617 1831 891 1872; x_wconf 85' lang='lat' dir='ltr'>declinarunt</span> <span class='ocrx_word' id='word_1_111' title='bbox 919 1832 1100 1873; x_wconf 86' lang='lat' dir='ltr'>abbacie</span> <span class='ocrx_word' id='word_1_112' title='bbox 1133 1833 1228 1874; x_wconf 88' lang='lat'>134.</span> 
     </span>
    </p>

    <p class='ocr_par' dir='ltr' id='par_1_21' title="bbox 374 1887 1336 1987">
     <span class='ocr_line' id='line_1_25' title="bbox 374 1887 1336 1944; baseline 0.002 -16"><span class='ocrx_word' id='word_1_113' title='bbox 374 1889 524 1928; x_wconf 89' lang='lat' dir='ltr'>—onis</span> <span class='ocrx_word' id='word_1_114' title='bbox 541 1887 703 1929; x_wconf 85' lang='lat' dir='ltr'>Gristus</span> <span class='ocrx_word' id='word_1_115' title='bbox 723 1902 811 1929; x_wconf 93' lang='lat' dir='ltr'>non</span> <span class='ocrx_word' id='word_1_116' title='bbox 840 1889 960 1930; x_wconf 88' lang='lat' dir='ltr'>dedit</span> <span class='ocrx_word' id='word_1_117' title='bbox 978 1889 1255 1944; x_wconf 85' lang='lat' dir='ltr'>privilegium</span> <span class='ocrx_word' id='word_1_118' title='bbox 1272 1902 1336 1930; x_wconf 92' lang='lat' dir='ltr'>or·</span> 
     </span>
     <span class='ocr_line' id='line_1_26' title="bbox 431 1945 975 1987; baseline 0.004 -2"><span class='ocrx_word' id='word_1_119' title='bbox 431 1945 554 1986; x_wconf 88' lang='lat' dir='ltr'>dines</span> <span class='ocrx_word' id='word_1_120' title='bbox 583 1946 837 1986; x_wconf 88' lang='lat' dir='ltr'>instituendi</span> <span class='ocrx_word' id='word_1_121' title='bbox 879 1947 975 1987; x_wconf 88' lang='lat'>266.</span> 
     </span>
    </p>

    <p class='ocr_par' dir='ltr' id='par_1_22' title="bbox 373 2004 1068 2056">
     <span class='ocr_line' id='line_1_27' title="bbox 373 2004 1068 2056; baseline 0.003 -13"><span class='ocrx_word' id='word_1_122' title='bbox 373 2016 536 2043; x_wconf 89' lang='lat' dir='ltr'>—onos</span> <span class='ocrx_word' id='word_1_123' title='bbox 565 2015 680 2056; x_wconf 88' lang='lat' dir='ltr'>papa</span> <span class='ocrx_word' id='word_1_124' title='bbox 709 2004 936 2044; x_wconf 88' lang='lat' dir='ltr'>canonizat</span> <span class='ocrx_word' id='word_1_125' title='bbox 973 2005 1068 2045; x_wconf 93' lang='grc'><strong>177.</strong></span> 
     </span>
    </p>

    <p class='ocr_par' dir='ltr' id='par_1_23' title="bbox 369 2060 1084 2102">
     <span class='ocr_line' id='line_1_28' title="bbox 369 2060 1084 2102; baseline 0.004 -3"><span class='ocrx_word' id='word_1_126' title='bbox 369 2060 428 2100; x_wconf 82' lang='grc'>(16</span> <span class='ocrx_word' id='word_1_127' title='bbox 459 2060 609 2101; x_wconf 89' lang='lat' dir='ltr'>—onis</span> <span class='ocrx_word' id='word_1_128' title='bbox 637 2074 727 2100; x_wconf 83' lang='lat' dir='ltr'>non</span> <span class='ocrx_word' id='word_1_129' title='bbox 757 2066 822 2101; x_wconf 88' lang='lat' dir='ltr'>est</span> <span class='ocrx_word' id='word_1_130' title='bbox 850 2060 957 2102; x_wconf 87' lang='lat' dir='ltr'>fides</span> <span class='ocrx_word' id='word_1_131' title='bbox 990 2062 1084 2102; x_wconf 90' lang='lat'>177.</span> 
     </span>
    </p>

    <p class='ocr_par' dir='ltr' id='par_1_24' title="bbox 372 2117 1306 2172">
     <span class='ocr_line' id='line_1_29' title="bbox 372 2117 1306 2172; baseline 0.003 -15"><span class='ocrx_word' id='word_1_132' title='bbox 372 2117 510 2157; x_wconf 88' lang='lat' dir='ltr'>Pauci</span> <span class='ocrx_word' id='word_1_133' title='bbox 538 2117 737 2158; x_wconf 90' lang='lat' dir='ltr'>timorem</span> <span class='ocrx_word' id='word_1_134' title='bbox 768 2118 930 2158; x_wconf 89' lang='lat' dir='ltr'>domini</span> <span class='ocrx_word' id='word_1_135' title='bbox 957 2118 1181 2172; x_wconf 88' lang='lat' dir='ltr'>possident</span> <span class='ocrx_word' id='word_1_136' title='bbox 1209 2119 1306 2161; x_wconf 91' lang='lat'>226.</span> 
     </span>
    </p>

    <p class='ocr_par' dir='ltr' id='par_1_25' title="bbox 372 2175 1337 2273">
     <span class='ocr_line' id='line_1_30' title="bbox 372 2175 1337 2230; baseline 0.003 -16"><span class='ocrx_word' id='word_1_137' title='bbox 372 2196 427 2203; x_wconf 89' lang='lat'>—</span> <span class='ocrx_word' id='word_1_138' title='bbox 443 2179 546 2215; x_wconf 89' lang='lat' dir='ltr'>sunt</span> <span class='ocrx_word' id='word_1_139' title='bbox 565 2175 870 2216; x_wconf 85' lang='lat' dir='ltr'>nominetenus</span> <span class='ocrx_word' id='word_1_140' title='bbox 885 2176 1077 2227; x_wconf 86' lang='lat' dir='ltr'>heretici,</span> <span class='ocrx_word' id='word_1_141' title='bbox 1095 2177 1169 2230; x_wconf 93' lang='lat' dir='ltr'>qui</span> <span class='ocrx_word' id='word_1_142' title='bbox 1184 2181 1337 2230; x_wconf 90' lang='lat' dir='ltr'>postea</span> 
     </span>
     <span class='ocr_line' id='line_1_31' title="bbox 429 2232 732 2273; baseline 0.003 -1"><span class='ocrx_word' id='word_1_143' title='bbox 429 2232 607 2273; x_wconf 89' lang='lat' dir='ltr'>stabunt</span> <span class='ocrx_word' id='word_1_144' title='bbox 637 2234 732 2273; x_wconf 89' lang='lat'>397.</span> 
     </span>
    </p>

    <p class='ocr_par' dir='ltr' id='par_1_26' title="bbox 371 2288 1336 2389">
     <span class='ocr_line' id='line_1_32' title="bbox 371 2288 1336 2345; baseline 0.003 -16"><span class='ocrx_word' id='word_1_145' title='bbox 371 2312 426 2318; x_wconf 90' lang='lat'><strong>—</strong></span> <span class='ocrx_word' id='word_1_146' title='bbox 457 2288 609 2330; x_wconf 87' lang='lat' dir='ltr'>fideles</span> <span class='ocrx_word' id='word_1_147' title='bbox 638 2290 783 2330; x_wconf 88' lang='lat' dir='ltr'>vocati</span> <span class='ocrx_word' id='word_1_148' title='bbox 818 2294 919 2330; x_wconf 91' lang='lat' dir='ltr'>sunt</span> <span class='ocrx_word' id='word_1_149' title='bbox 947 2289 1127 2331; x_wconf 87' lang='lat' dir='ltr'>heretici</span> <span class='ocrx_word' id='word_1_150' title='bbox 1156 2303 1183 2331; x_wconf 91' lang='lat' dir='ltr'>a</span> <span class='ocrx_word' id='word_1_151' title='bbox 1211 2295 1336 2345; x_wconf 86' lang='lat' dir='ltr'>parte</span> 
     </span>
     <span class='ocr_line' id='line_1_33' title="bbox 429 2347 1007 2389; baseline 0.003 -3"><span class='ocrx_word' id='word_1_152' title='bbox 429 2347 645 2387; x_wconf 89' lang='lat' dir='ltr'>contraria</span> <span class='ocrx_word' id='word_1_153' title='bbox 672 2347 882 2387; x_wconf 86' lang='lat' dir='ltr'>anticristi</span> <span class='ocrx_word' id='word_1_154' title='bbox 911 2348 1007 2389; x_wconf 87' lang='grc'><strong>397.</strong></span> 
     </span>
    </p>

    <p class='ocr_par' dir='ltr' id='par_1_27' title="bbox 371 2403 1335 2447">
     <span class='ocr_line' id='line_1_34' title="bbox 371 2403 1335 2447; baseline 0.004 -4"><span class='ocrx_word' id='word_1_155' title='bbox 371 2403 602 2444; x_wconf 86' lang='lat' dir='ltr'>Paulative</span> <span class='ocrx_word' id='word_1_156' title='bbox 630 2405 783 2445; x_wconf 87' lang='lat' dir='ltr'>crescit</span> <span class='ocrx_word' id='word_1_157' title='bbox 810 2405 1034 2445; x_wconf 87' lang='lat' dir='ltr'>sentencia</span> <span class='ocrx_word' id='word_1_158' title='bbox 1063 2405 1212 2446; x_wconf 83' lang='lat' dir='ltr'>divina</span> <span class='ocrx_word' id='word_1_159' title='bbox 1239 2406 1335 2447; x_wconf 92' lang='lat'>270.</span> 
     </span>
    </p>

    <p class='ocr_par' dir='ltr' id='par_1_28' title="bbox 372 2460 1220 2515">
     <span class='ocr_line' id='line_1_35' title="bbox 372 2460 1220 2515; baseline 0.005 -15"><span class='ocrx_word' id='word_1_160' title='bbox 372 2460 536 2501; x_wconf 89' lang='lat' dir='ltr'>Paulus</span> <span class='ocrx_word' id='word_1_161' title='bbox 566 2461 620 2502; x_wconf 89' lang='lat' dir='ltr'>de</span> <span class='ocrx_word' id='word_1_162' title='bbox 650 2466 770 2502; x_wconf 90' lang='lat' dir='ltr'>secta</span> <span class='ocrx_word' id='word_1_163' title='bbox 797 2461 1095 2515; x_wconf 88' lang='lat' dir='ltr'>phariseorum</span> <span class='ocrx_word' id='word_1_164' title='bbox 1127 2463 1220 2504; x_wconf 88' lang='lat'>174.</span> 
     </span>
    </p>

    <p class='ocr_par' dir='ltr' id='par_1_29' title="bbox 376 2518 999 2560">
     <span class='ocr_line' id='line_1_36' title="bbox 376 2518 999 2560; baseline 0.005 -3"><span class='ocrx_word' id='word_1_165' title='bbox 376 2540 428 2546; x_wconf 89' lang='lat'><em>-</em></span> <span class='ocrx_word' id='word_1_166' title='bbox 459 2518 515 2559; x_wconf 90' lang='lat' dir='ltr'>de</span> <span class='ocrx_word' id='word_1_167' title='bbox 546 2519 871 2559; x_wconf 88' lang='lat' dir='ltr'>mendicacione</span> <span class='ocrx_word' id='word_1_168' title='bbox 905 2520 999 2560; x_wconf 89' lang='lat'>197.</span> 
     </span>
    </p>

    <p class='ocr_par' dir='ltr' id='par_1_30' title="bbox 371 2576 1336 2632">
     <span class='ocr_line' id='line_1_37' title="bbox 371 2576 1336 2632; baseline 0.004 -18"><span class='ocrx_word' id='word_1_169' title='bbox 371 2598 427 2603; x_wconf 91' lang='lat'>—</span> <span class='ocrx_word' id='word_1_170' title='bbox 459 2588 547 2615; x_wconf 92' lang='lat' dir='ltr'>non</span> <span class='ocrx_word' id='word_1_171' title='bbox 568 2576 759 2616; x_wconf 89' lang='lat' dir='ltr'>audebat</span> <span class='ocrx_word' id='word_1_172' title='bbox 788 2589 866 2629; x_wconf 88' lang='lat' dir='ltr'>per</span> <span class='ocrx_word' id='word_1_173' title='bbox 885 2589 931 2617; x_wconf 90' lang='lat' dir='ltr'>se</span> <span class='ocrx_word' id='word_1_174' title='bbox 961 2581 1101 2618; x_wconf 83' lang='lat' dir='ltr'>sectas</span> <span class='ocrx_word' id='word_1_175' title='bbox 1131 2577 1336 2632; x_wconf 87' lang='lat' dir='ltr'>colligere</span> 
     </span>
    </p>

    <p class='ocr_par' dir='ltr' id='par_1_31' title="bbox 370 2690 1336 2743">
     <span class='ocr_line' id='line_1_38' title="bbox 370 2690 1336 2743; baseline 0.004 -15"><span class='ocrx_word' id='word_1_176' title='bbox 370 2711 427 2717; x_wconf 85' lang='lat'>—-</span> <span class='ocrx_word' id='word_1_177' title='bbox 459 2702 692 2729; x_wconf 89' lang='lat' dir='ltr'>conversus</span> <span class='ocrx_word' id='word_1_178' title='bbox 721 2701 748 2730; x_wconf 90' lang='lat' dir='ltr'>a</span> <span class='ocrx_word' id='word_1_179' title='bbox 775 2695 895 2730; x_wconf 90' lang='lat' dir='ltr'>secta</span> <span class='ocrx_word' id='word_1_180' title='bbox 913 2690 1208 2743; x_wconf 88' lang='lat' dir='ltr'>phariseorum</span> <span class='ocrx_word' id='word_1_181' title='bbox 1239 2693 1336 2733; x_wconf 88' lang='lat'>353.</span> 
     </span>
    </p>
   </div>
   <div class='ocr_carea' id='block_1_3' title="bbox 374 2746 1337 2844">
    <p class='ocr_par' dir='ltr' id='par_1_32' title="bbox 374 2746 1337 2844">
     <span class='ocr_line' id='line_1_39' title="bbox 374 2746 1337 2844; baseline 0.004 -59"><span class='ocrx_word' id='word_1_182' title='bbox 374 2759 546 2844; x_wconf 58' lang='grc' dir='ltr'><strong>-313ε1111</strong></span> <span class='ocrx_word' id='word_1_183' title='bbox 575 2746 766 2787; x_wconf 85' lang='lat' dir='ltr'>audebat</span> <span class='ocrx_word' id='word_1_184' title='bbox 794 2747 979 2788; x_wconf 87' lang='lat' dir='ltr'>fundare</span> <span class='ocrx_word' id='word_1_185' title='bbox 1009 2761 1144 2788; x_wconf 87' lang='lat' dir='ltr'>novos</span> <span class='ocrx_word' id='word_1_186' title='bbox 1165 2748 1337 2789; x_wconf 88' lang='lat' dir='ltr'>ordines</span> 
     </span>
    </p>
   </div>
   <div class='ocr_carea' id='block_1_4' title="bbox 1094 375 1648 416">
    <p class='ocr_par' dir='ltr' id='par_1_33' title="bbox 1094 375 1648 416">
     <span class='ocr_line' id='line_1_40' title="bbox 1094 375 1648 416; baseline -0.004 0"><span class='ocrx_word' id='word_1_187' title='bbox 1094 375 1399 416; x_wconf 73' lang='lat' dir='ltr'><strong><em>GENERAL</em></strong></span> <span class='ocrx_word' id='word_1_188' title='bbox 1430 375 1648 414; x_wconf 85' lang='lat' dir='ltr'>INDEX.</span> 
     </span>
    </p>
   </div>
   <div class='ocr_carea' id='block_1_5' title="bbox 1417 487 2442 614">
    <p class='ocr_par' dir='ltr' id='par_1_34' title="bbox 1417 487 2442 614">
     <span class='ocr_line' id='line_1_41' title="bbox 1417 487 2442 614; baseline 0.001 -58"><span class='ocrx_word' id='word_1_189' title='bbox 1417 516 1578 613; x_wconf 42' lang='lat' dir='ltr'>Pali-ilus</span> <span class='ocrx_word' id='word_1_190' title='bbox 1609 521 1663 614; x_wconf 46' lang='grc' dir='ltr'>ἓξ</span> <span class='ocrx_word' id='word_1_191' title='bbox 1673 515 1855 569; x_wconf 87' lang='lat' dir='ltr'>apostoli</span> <span class='ocrx_word' id='word_1_192' title='bbox 1874 529 1963 556; x_wconf 91' lang='lat' dir='ltr'>non</span> <span class='ocrx_word' id='word_1_193' title='bbox 1993 515 2214 557; x_wconf 79' lang='lat' dir='ltr'>audebant</span> <span class='ocrx_word' id='word_1_194' title='bbox 2241 487 2394 558; x_wconf 37' lang='lat' dir='ltr'>subm.</span> <span class='ocrx_word' id='word_1_195' title='bbox 2439 568 2442 570; x_wconf 14' lang='lat' dir='ltr'>q</span> 
     </span>
     <span class='ocr_line' id='line_1_42' title="bbox 1488 585 1677 614; baseline 0.005 -1"><span class='ocrx_word' id='word_1_196' title='bbox 1488 585 1578 614; x_wconf 81' lang='lat' dir='ltr'>iare</span> <span class='ocrx_word' id='word_1_197' title='bbox 1668 604 1677 614; x_wconf 90' lang='lat'>.</span> 
     </span>
    </p>
   </div>
   <div class='ocr_carea' id='block_1_6' title="bbox 1399 626 2004 671">
    <p class='ocr_par' dir='ltr' id='par_1_35' title="bbox 1399 626 2004 671">
     <span class='ocr_line' id='line_1_43' title="bbox 1399 626 2004 671; baseline 0.005 -3"><span class='ocrx_word' id='word_1_198' title='bbox 1399 626 1503 670; x_wconf 70' lang='lat' dir='ltr'>‘-—li</span> <span class='ocrx_word' id='word_1_199' title='bbox 1531 630 1667 671; x_wconf 88' lang='lat' dir='ltr'>verba</span> <span class='ocrx_word' id='word_1_200' title='bbox 1696 630 1750 671; x_wconf 88' lang='lat' dir='ltr'>de</span> <span class='ocrx_word' id='word_1_201' title='bbox 1779 630 1907 671; x_wconf 88' lang='lat' dir='ltr'>sectis</span> <span class='ocrx_word' id='word_1_202' title='bbox 1937 631 2004 671; x_wconf 92' lang='lat'>33.</span> 
     </span>
    </p>
   </div>
   <div class='ocr_carea' id='block_1_7' title="bbox 1416 687 2330 1025">
    <p class='ocr_par' dir='ltr' id='par_1_36' title="bbox 1418 687 1892 728">
     <span class='ocr_line' id='line_1_44' title="bbox 1418 687 1892 728; baseline 0.002 -1"><span class='ocrx_word' id='word_1_203' title='bbox 1418 710 1470 716; x_wconf 89' lang='lat'>-·</span> <span class='ocrx_word' id='word_1_204' title='bbox 1501 687 1767 728; x_wconf 89' lang='lat' dir='ltr'>mendicacio</span> <span class='ocrx_word' id='word_1_205' title='bbox 1798 689 1892 728; x_wconf 92' lang='lat'>197.</span> 
     </span>
    </p>

    <p class='ocr_par' dir='ltr' id='par_1_37' title="bbox 1417 744 2092 798">
     <span class='ocr_line' id='line_1_45' title="bbox 1417 744 2092 798; baseline 0.003 -14"><span class='ocrx_word' id='word_1_206' title='bbox 1417 767 1470 773; x_wconf 98' lang='lat'><strong>—</strong></span> <span class='ocrx_word' id='word_1_207' title='bbox 1500 744 1728 798; x_wconf 85' lang='lat' dir='ltr'>multiplex</span> <span class='ocrx_word' id='word_1_208' title='bbox 1755 744 1966 785; x_wconf 86' lang='lat' dir='ltr'>confessio</span> <span class='ocrx_word' id='word_1_209' title='bbox 1997 745 2092 786; x_wconf 88' lang='grc'><strong>686.</strong></span> 
     </span>
    </p>

    <p class='ocr_par' dir='ltr' id='par_1_38' title="bbox 1416 801 2330 1025">
     <span class='ocr_line' id='line_1_46' title="bbox 1416 801 2244 854; baseline 0.001 -13"><span class='ocrx_word' id='word_1_210' title='bbox 1416 802 1590 854; x_wconf 89' lang='lat' dir='ltr'>Pauper</span> <span class='ocrx_word' id='word_1_211' title='bbox 1618 801 1709 842; x_wconf 87' lang='lat' dir='ltr'>vita</span> <span class='ocrx_word' id='word_1_212' title='bbox 1737 802 1990 850; x_wconf 84' lang='lat' dir='ltr'>clericorum</span> <span class='ocrx_word' id='word_1_213' title='bbox 2020 801 2148 842; x_wconf 85' lang='lat' dir='ltr'>Gristi</span> <span class='ocrx_word' id='word_1_214' title='bbox 2176 802 2244 843; x_wconf 86' lang='lat'>95.</span> 
     </span>
     <span class='ocr_line' id='line_1_47' title="bbox 1418 858 2296 913; baseline 0.003 -16"><span class='ocrx_word' id='word_1_215' title='bbox 1418 858 1586 911; x_wconf 89' lang='lat' dir='ltr'>—peris</span> <span class='ocrx_word' id='word_1_216' title='bbox 1616 858 1873 913; x_wconf 84' lang='lat' dir='ltr'>ewangelici</span> <span class='ocrx_word' id='word_1_217' title='bbox 1901 858 2169 899; x_wconf 87' lang='lat' dir='ltr'>mendicacio</span> <span class='ocrx_word' id='word_1_218' title='bbox 2202 859 2296 901; x_wconf 92' lang='lat'>191.</span> 
     </span>
     <span class='ocr_line' id='line_1_48' title="bbox 1418 914 2150 971; baseline 0.005 -18"><span class='ocrx_word' id='word_1_219' title='bbox 1418 937 1471 943; x_wconf 93' lang='lat'>-</span> <span class='ocrx_word' id='word_1_220' title='bbox 1502 914 1708 968; x_wconf 89' lang='lat' dir='ltr'>spoliacio</span> <span class='ocrx_word' id='word_1_221' title='bbox 1737 928 1816 969; x_wconf 88' lang='lat' dir='ltr'>per</span> <span class='ocrx_word' id='word_1_222' title='bbox 1842 915 2025 971; x_wconf 83' lang='lat' dir='ltr'>tallagia</span> <span class='ocrx_word' id='word_1_223' title='bbox 2053 916 2150 957; x_wconf 90' lang='lat'>246.</span> 
     </span>
     <span class='ocr_line' id='line_1_49' title="bbox 1419 972 2330 1025; baseline 0.003 -14"><span class='ocrx_word' id='word_1_224' title='bbox 1419 984 1623 1025; x_wconf 90' lang='lat' dir='ltr'>—perem</span> <span class='ocrx_word' id='word_1_225' title='bbox 1651 972 1788 1012; x_wconf 88' lang='lat' dir='ltr'>vitam</span> <span class='ocrx_word' id='word_1_226' title='bbox 1818 973 2050 1014; x_wconf 86' lang='lat' dir='ltr'>observant</span> <span class='ocrx_word' id='word_1_227' title='bbox 2078 972 2232 1014; x_wconf 86' lang='lat' dir='ltr'>fratres</span> <span class='ocrx_word' id='word_1_228' title='bbox 2262 973 2330 1014; x_wconf 89' lang='lat'>94.</span> 
     </span>
    </p>
   </div>
   <div class='ocr_carea' id='block_1_8' title="bbox 1417 1028 2468 1090">
    <p class='ocr_par' dir='ltr' id='par_1_39' title="bbox 1417 1028 2468 1090">
     <span class='ocr_line' id='line_1_50' title="bbox 1417 1028 2468 1090; baseline 0.003 -22"><span class='ocrx_word' id='word_1_229' title='bbox 1417 1028 1657 1069; x_wconf 89' lang='lat' dir='ltr'>secundum</span> <span class='ocrx_word' id='word_1_230' title='bbox 1692 1051 1744 1058; x_wconf 93' lang='lat'>—</span> <span class='ocrx_word' id='word_1_231' title='bbox 1775 1029 1911 1070; x_wconf 83' lang='lat' dir='ltr'>vitam</span> <span class='ocrx_word' id='word_1_232' title='bbox 1953 1030 2094 1071; x_wconf 83' lang='lat' dir='ltr'>clerus</span> <span class='ocrx_word' id='word_1_233' title='bbox 2138 1029 2382 1071; x_wconf 87' lang='lat' dir='ltr'>contentari</span> <span class='ocrx_word' id='word_1_234' title='bbox 2419 1082 2422 1084; x_wconf 33' lang='grc'><strong>,</strong></span> <span class='ocrx_word' id='word_1_235' title='bbox 2467 1087 2468 1090; x_wconf 12' lang='lat'>¹</span> 
     </span>
    </p>
   </div>
   <div class='ocr_carea' id='block_1_9' title="bbox 1476 1085 1738 1126">
    <p class='ocr_par' dir='ltr' id='par_1_40' title="bbox 1476 1085 1738 1126">
     <span class='ocr_line' id='line_1_51' title="bbox 1476 1085 1738 1126; baseline 0.004 -1"><span class='ocrx_word' id='word_1_236' title='bbox 1476 1085 1607 1126; x_wconf 90' lang='lat' dir='ltr'>debet</span> <span class='ocrx_word' id='word_1_237' title='bbox 1642 1086 1738 1126; x_wconf 89' lang='lat'>245.</span> 
     </span>
    </p>
   </div>
   <div class='ocr_carea' id='block_1_10' title="bbox 1420 1124 2469 1253">
    <p class='ocr_par' dir='ltr' id='par_1_41' title="bbox 1420 1124 2469 1253">
     <span class='ocr_line' id='line_1_52' title="bbox 1420 1124 2469 1198; baseline 0.004 -17"><span class='ocrx_word' id='word_1_238' title='bbox 1420 1155 1601 1196; x_wconf 87' lang='lat' dir='ltr'>—peres</span> <span class='ocrx_word' id='word_1_239' title='bbox 1629 1142 1913 1183; x_wconf 88' lang='lat' dir='ltr'>calliditatem</span> <span class='ocrx_word' id='word_1_240' title='bbox 1941 1142 2122 1184; x_wconf 85' lang='lat' dir='ltr'>fratrum</span> <span class='ocrx_word' id='word_1_241' title='bbox 2138 1156 2229 1185; x_wconf 91' lang='lat' dir='ltr'>non</span> <span class='ocrx_word' id='word_1_242' title='bbox 2246 1143 2383 1198; x_wconf 88' lang='lat' dir='ltr'>perci·</span> <span class='ocrx_word' id='word_1_243' title='bbox 2431 1124 2434 1126; x_wconf 88' lang='lat'>.</span> <span class='ocrx_word' id='word_1_244' title='bbox 2467 1127 2469 1131; x_wconf 18' lang='grc' dir='ltr'><em>Α</em></span> 
     </span>
     <span class='ocr_line' id='line_1_53' title="bbox 1476 1199 2425 1253; baseline 0.002 -14"><span class='ocrx_word' id='word_1_245' title='bbox 1476 1199 1603 1253; x_wconf 88' lang='lat' dir='ltr'>piunt</span> <span class='ocrx_word' id='word_1_246' title='bbox 1632 1199 1728 1240; x_wconf 86' lang='lat'>254.</span> <span class='ocrx_word' id='word_1_247' title='bbox 2424 1199 2425 1205; x_wconf 69' lang='grc'>’</span> 
     </span>
    </p>
   </div>
   <div class='ocr_carea' id='block_1_11' title="bbox 1421 1240 2425 1310">
    <p class='ocr_par' dir='ltr' id='par_1_42' title="bbox 1421 1240 2425 1310">
     <span class='ocr_line' id='line_1_54' title="bbox 1421 1240 2425 1310; baseline 0.002 -14"><span class='ocrx_word' id='word_1_248' title='bbox 1421 1279 1472 1286; x_wconf 92' lang='grc'><strong>-</strong></span> <span class='ocrx_word' id='word_1_249' title='bbox 1503 1269 1582 1310; x_wconf 90' lang='lat' dir='ltr'>per</span> <span class='ocrx_word' id='word_1_250' title='bbox 1610 1269 1657 1297; x_wconf 92' lang='lat' dir='ltr'>se</span> <span class='ocrx_word' id='word_1_251' title='bbox 1686 1266 1870 1310; x_wconf 88' lang='lat' dir='ltr'>persone</span> <span class='ocrx_word' id='word_1_252' title='bbox 1899 1262 2117 1298; x_wconf 84' lang='lat' dir='ltr'>sectarum</span> <span class='ocrx_word' id='word_1_253' title='bbox 2153 1262 2254 1302; x_wconf 78' lang='lat' dir='ltr'>sunt</span> <span class='ocrx_word' id='word_1_254' title='bbox 2283 1258 2381 1299; x_wconf 88' lang='lat'>253.</span> <span class='ocrx_word' id='word_1_255' title='bbox 2423 1240 2425 1242; x_wconf 31' lang='grc'><strong>’</strong></span> 
     </span>
    </p>
   </div>
   <div class='ocr_carea' id='block_1_12' title="bbox 1422 1313 2479 1360">
    <p class='ocr_par' dir='ltr' id='par_1_43' title="bbox 1422 1313 2479 1360">
     <span class='ocr_line' id='line_1_55' title="bbox 1422 1313 2479 1360; baseline 0.004 -7"><span class='ocrx_word' id='word_1_256' title='bbox 1422 1337 1473 1342; x_wconf 95' lang='grc'>-</span> <span class='ocrx_word' id='word_1_257' title='bbox 1490 1314 1535 1353; x_wconf 88' lang='grc'>111</span> <span class='ocrx_word' id='word_1_258' title='bbox 1550 1313 1637 1354; x_wconf 88' lang='lat' dir='ltr'>fide</span> <span class='ocrx_word' id='word_1_259' title='bbox 1659 1319 1702 1354; x_wconf 92' lang='lat' dir='ltr'>et</span> <span class='ocrx_word' id='word_1_260' title='bbox 1718 1314 1907 1355; x_wconf 90' lang='lat' dir='ltr'>moribus</span> <span class='ocrx_word' id='word_1_261' title='bbox 1922 1313 2191 1360; x_wconf 87' lang='lat' dir='ltr'>seducuntur</span> <span class='ocrx_word' id='word_1_262' title='bbox 2203 1327 2232 1356; x_wconf 87' lang='lat' dir='ltr'>a</span> <span class='ocrx_word' id='word_1_263' title='bbox 2244 1314 2385 1356; x_wconf 85' lang='lat' dir='ltr'>fratri-</span> <span class='ocrx_word' id='word_1_264' title='bbox 2418 1323 2421 1358; x_wconf 79' lang='grc' dir='ltr'><strong><em>Ῑ</em></strong></span> <span class='ocrx_word' id='word_1_265' title='bbox 2471 1327 2479 1349; x_wconf 42' lang='lat'>⁴2</span> 
     </span>
    </p>
   </div>
   <div class='ocr_carea' id='block_1_13' title="bbox 1476 1371 1684 1412">
    <p class='ocr_par' dir='ltr' id='par_1_44' title="bbox 1476 1371 1684 1412">
     <span class='ocr_line' id='line_1_56' title="bbox 1476 1371 1684 1412; baseline 0.005 -1"><span class='ocrx_word' id='word_1_266' title='bbox 1476 1371 1557 1411; x_wconf 90' lang='lat' dir='ltr'>bus</span> <span class='ocrx_word' id='word_1_267' title='bbox 1587 1371 1684 1412; x_wconf 92' lang='lat'>254.</span> 
     </span>
    </p>
   </div>
   <div class='ocr_carea' id='block_1_14' title="bbox 1376 1428 2183 1482">
    <p class='ocr_par' dir='ltr' id='par_1_45' title="bbox 1376 1428 2183 1482">
     <span class='ocr_line' id='line_1_57' title="bbox 1376 1428 2183 1482; baseline -0.004 -9"><span class='ocrx_word' id='word_1_268' title='bbox 1376 1432 1380 1473; x_wconf 69' lang='lat' dir='ltr'>i</span> <span class='ocrx_word' id='word_1_269' title='bbox 1421 1451 1474 1457; x_wconf 91' lang='grc'><strong>-</strong></span> <span class='ocrx_word' id='word_1_270' title='bbox 1503 1428 1682 1482; x_wconf 92' lang='lat' dir='ltr'>plebeos</span> <span class='ocrx_word' id='word_1_271' title='bbox 1711 1428 1900 1482; x_wconf 87' lang='lat' dir='ltr'>spoliant</span> <span class='ocrx_word' id='word_1_272' title='bbox 1929 1428 2085 1470; x_wconf 87' lang='lat' dir='ltr'>fratres</span> <span class='ocrx_word' id='word_1_273' title='bbox 2115 1429 2183 1470; x_wconf 88' lang='lat'>69.</span> 
     </span>
    </p>
   </div>
   <div class='ocr_carea' id='block_1_15' title="bbox 371 2860 1381 2915">
    <p class='ocr_par' dir='ltr' id='par_1_46' title="bbox 371 2860 1381 2915">
     <span class='ocr_line' id='line_1_58' title="bbox 371 2860 1381 2915; baseline 0.002 -15"><span class='ocrx_word' id='word_1_274' title='bbox 371 2883 428 2889; x_wconf 93' lang='lat'>—</span> <span class='ocrx_word' id='word_1_275' title='bbox 458 2861 662 2914; x_wconf 88' lang='lat' dir='ltr'>reprobat</span> <span class='ocrx_word' id='word_1_276' title='bbox 691 2860 932 2902; x_wconf 83' lang='lat' dir='ltr'>Corinthios</span> <span class='ocrx_word' id='word_1_277' title='bbox 958 2865 1134 2915; x_wconf 88' lang='lat' dir='ltr'>propter</span> <span class='ocrx_word' id='word_1_278' title='bbox 1153 2861 1338 2903; x_wconf 87' lang='lat' dir='ltr'>schisma</span> <span class='ocrx_word' id='word_1_279' title='bbox 1378 2889 1381 2902; x_wconf 85' lang='lat'>.</span> 
     </span>
    </p>
   </div>
   <div class='ocr_carea' id='block_1_16' title="bbox 374 2919 1248 3018">
    <p class='ocr_par' dir='ltr' id='par_1_47' title="bbox 374 2919 1248 3018">
     <span class='ocr_line' id='line_1_59' title="bbox 374 2919 1248 3018; baseline 0.002 -3"><span class='ocrx_word' id='word_1_280' title='bbox 374 2919 634 3016; x_wconf 54' lang='lat' dir='ltr'>—433cutus</span> <span class='ocrx_word' id='word_1_281' title='bbox 664 2979 730 3016; x_wconf 89' lang='lat' dir='ltr'>est</span> <span class='ocrx_word' id='word_1_282' title='bbox 758 2975 904 3016; x_wconf 91' lang='lat' dir='ltr'>Iesum</span> <span class='ocrx_word' id='word_1_283' title='bbox 936 2974 1121 3016; x_wconf 89' lang='lat' dir='ltr'>Cristum</span> <span class='ocrx_word' id='word_1_284' title='bbox 1152 2977 1248 3018; x_wconf 91' lang='lat'>301.</span> 
     </span>
    </p>
   </div>
   <div class='ocr_carea' id='block_1_17' title="bbox 370 3032 1256 3131">
    <p class='ocr_par' dir='ltr' id='par_1_48' title="bbox 370 3032 1256 3131">
     <span class='ocr_line' id='line_1_60' title="bbox 374 3032 1256 3086; baseline 0.003 -14"><span class='ocrx_word' id='word_1_285' title='bbox 374 3054 428 3060; x_wconf 93' lang='lat'>—</span> <span class='ocrx_word' id='word_1_286' title='bbox 459 3037 609 3073; x_wconf 90' lang='lat' dir='ltr'>contra</span> <span class='ocrx_word' id='word_1_287' title='bbox 636 3032 783 3073; x_wconf 91' lang='lat' dir='ltr'>Iesum</span> <span class='ocrx_word' id='word_1_288' title='bbox 812 3032 1130 3086; x_wconf 80' lang='lat' dir='ltr'>blasphemavit</span> <span class='ocrx_word' id='word_1_289' title='bbox 1159 3035 1256 3075; x_wconf 91' lang='grc'><strong>702.</strong></span> 
     </span>
     <span class='ocr_line' id='line_1_61' title="bbox 370 3089 900 3131; baseline 0.004 -2"><span class='ocrx_word' id='word_1_290' title='bbox 370 3111 428 3117; x_wconf 75' lang='grc'>-</span> <span class='ocrx_word' id='word_1_291' title='bbox 460 3089 588 3130; x_wconf 90' lang='lat' dir='ltr'>Petro</span> <span class='ocrx_word' id='word_1_292' title='bbox 617 3090 775 3130; x_wconf 85' lang='lat' dir='ltr'>restitit</span> <span class='ocrx_word' id='word_1_293' title='bbox 805 3091 900 3131; x_wconf 90' lang='lat'>668.</span> 
     </span>
    </p>
   </div>
   <div class='ocr_carea' id='block_1_18' title="bbox 1420 1485 2483 1551">
    <p class='ocr_par' dir='ltr' id='par_1_49' title="bbox 1420 1467 2488 1551">
     <span class='ocr_line' id='line_1_62' title="bbox 1420 1485 2483 1551; baseline 0.002 -27"><span class='ocrx_word' id='word_1_294' title='bbox 1420 1508 1474 1514; x_wconf 92' lang='lat'>—</span> <span class='ocrx_word' id='word_1_295' title='bbox 1506 1485 1671 1526; x_wconf 89' lang='lat' dir='ltr'>debiles</span> <span class='ocrx_word' id='word_1_296' title='bbox 1699 1485 1877 1527; x_wconf 88' lang='lat' dir='ltr'>claudos</span> <span class='ocrx_word' id='word_1_297' title='bbox 1907 1490 1952 1527; x_wconf 90' lang='lat' dir='ltr'>et</span> <span class='ocrx_word' id='word_1_298' title='bbox 1980 1498 2104 1527; x_wconf 86' lang='lat' dir='ltr'>cecos</span> <span class='ocrx_word' id='word_1_299' title='bbox 2132 1485 2284 1527; x_wconf 84' lang='lat' dir='ltr'>iuvare</span> <span class='ocrx_word' id='word_1_300' title='bbox 2315 1485 2384 1527; x_wconf 88' lang='grc'>47.</span> <span class='ocrx_word' id='word_1_301' title='bbox 2408 1532 2419 1538; x_wconf 20' lang='lat'>⁷.</span> <span class='ocrx_word' id='word_1_302' title='bbox 2481 1519 2483 1551; x_wconf 55' lang='lat'>³</span> 
     </span>
    </p>
   </div>
   <div class='ocr_carea' id='block_1_19' title="bbox 1423 1542 1900 1584">
    <p class='ocr_par' dir='ltr' id='par_1_50' title="bbox 1423 1542 1900 1584">
     <span class='ocr_line' id='line_1_63' title="bbox 1423 1542 1900 1584; baseline 0.002 -1"><span class='ocrx_word' id='word_1_303' title='bbox 1423 1566 1471 1572; x_wconf 89' lang='lat'>·-</span> <span class='ocrx_word' id='word_1_304' title='bbox 1506 1542 1774 1583; x_wconf 89' lang='lat' dir='ltr'>seducuntur</span> <span class='ocrx_word' id='word_1_305' title='bbox 1806 1544 1900 1584; x_wconf 86' lang='lat'>193.</span> 
     </span>
    </p>
   </div>
   <div class='ocr_carea' id='block_1_20' title="bbox 1421 1599 2418 1698">
    <p class='ocr_par' dir='ltr' id='par_1_51' title="bbox 1421 1599 2418 1698">
     <span class='ocr_line' id='line_1_64' title="bbox 1421 1599 2418 1697; baseline 0.002 -58"><span class='ocrx_word' id='word_1_306' title='bbox 1421 1599 1658 1697; x_wconf 45' lang='grc' dir='ltr'>-τΑῐιξᾎίἓ</span> <span class='ocrx_word' id='word_1_307' title='bbox 1685 1604 1831 1653; x_wconf 91' lang='lat' dir='ltr'>preter</span> <span class='ocrx_word' id='word_1_308' title='bbox 1849 1600 1995 1655; x_wconf 87' lang='lat' dir='ltr'>legem</span> <span class='ocrx_word' id='word_1_309' title='bbox 2019 1599 2183 1642; x_wconf 90' lang='lat' dir='ltr'>domini</span> <span class='ocrx_word' id='word_1_310' title='bbox 2204 1611 2387 1641; x_wconf 61' lang='grc'><strong>01161611-</strong></span> <span class='ocrx_word' id='word_1_311' title='bbox 2416 1631 2418 1634; x_wconf 89' lang='grc'>-</span> 
     </span>
     <span class='ocr_line' id='line_1_65' title="bbox 1497 1670 1670 1698; baseline 0.006 -1"><span class='ocrx_word' id='word_1_312' title='bbox 1497 1670 1550 1697; x_wconf 85' lang='grc'>111</span> <span class='ocrx_word' id='word_1_313' title='bbox 1660 1688 1670 1698; x_wconf 88' lang='grc'>.</span> 
     </span>
    </p>
   </div>
   <div class='ocr_carea' id='block_1_21' title="bbox 1422 1714 2415 1769">
    <p class='ocr_par' dir='ltr' id='par_1_52' title="bbox 1422 1714 2424 1769">
     <span class='ocr_line' id='line_1_66' title="bbox 1422 1714 2415 1769; baseline 0.003 -16"><span class='ocrx_word' id='word_1_314' title='bbox 1422 1737 1475 1743; x_wconf 93' lang='lat'>—</span> <span class='ocrx_word' id='word_1_315' title='bbox 1506 1714 1632 1768; x_wconf 86' lang='lat' dir='ltr'>regni</span> <span class='ocrx_word' id='word_1_316' title='bbox 1651 1726 1783 1768; x_wconf 91' lang='lat' dir='ltr'>supra</span> <span class='ocrx_word' id='word_1_317' title='bbox 1801 1715 1998 1756; x_wconf 88' lang='lat' dir='ltr'>raciones</span> <span class='ocrx_word' id='word_1_318' title='bbox 2017 1714 2258 1769; x_wconf 79' lang='lat' dir='ltr'>spoliantur</span> <span class='ocrx_word' id='word_1_319' title='bbox 2286 1714 2386 1756; x_wconf 89' lang='grc'><strong>244.</strong></span> <span class='ocrx_word' id='word_1_320' title='bbox 2411 1715 2415 1717; x_wconf 66' lang='grc'><strong><em>’</em></strong></span> 
     </span>
    </p>
   </div>
   <div class='ocr_carea' id='block_1_22' title="bbox 1387 1771 2437 1827">
    <p class='ocr_par' dir='ltr' id='par_1_53' title="bbox 1387 1771 2437 1827">
     <span class='ocr_line' id='line_1_67' title="bbox 1387 1771 2437 1827; baseline 0.003 -16"><span class='ocrx_word' id='word_1_321' title='bbox 1387 1810 1390 1811; x_wconf 16' lang='lat'><em>⁷</em></span> <span class='ocrx_word' id='word_1_322' title='bbox 1423 1794 1475 1800; x_wconf 95' lang='lat'><strong>—</strong></span> <span class='ocrx_word' id='word_1_323' title='bbox 1508 1771 1685 1812; x_wconf 88' lang='lat' dir='ltr'>decimis</span> <span class='ocrx_word' id='word_1_324' title='bbox 1714 1771 1912 1825; x_wconf 85' lang='lat' dir='ltr'>pauculis</span> <span class='ocrx_word' id='word_1_325' title='bbox 1938 1772 2127 1826; x_wconf 86' lang='lat' dir='ltr'>spoliant</span> <span class='ocrx_word' id='word_1_326' title='bbox 2144 1772 2298 1814; x_wconf 71' lang='lat' dir='ltr'>ftatres</span> <span class='ocrx_word' id='word_1_327' title='bbox 2319 1771 2388 1814; x_wconf 87' lang='lat'>72.</span> <span class='ocrx_word' id='word_1_328' title='bbox 2429 1807 2437 1827; x_wconf 42' lang='lat'>2</span> 
     </span>
    </p>
   </div>
   <div class='ocr_carea' id='block_1_23' title="bbox 1422 1829 2431 3143">
    <p class='ocr_par' dir='ltr' id='par_1_54' title="bbox 1422 1829 2431 3143">
     <span class='ocr_line' id='line_1_68' title="bbox 1423 1829 2216 1883; baseline 0.003 -15"><span class='ocrx_word' id='word_1_329' title='bbox 1423 1851 1474 1857; x_wconf 94' lang='lat'><strong>—</strong></span> <span class='ocrx_word' id='word_1_330' title='bbox 1506 1829 1632 1882; x_wconf 83' lang='lat' dir='ltr'>regni</span> <span class='ocrx_word' id='word_1_331' title='bbox 1662 1829 1902 1883; x_wconf 88' lang='lat' dir='ltr'>spoliantur</span> <span class='ocrx_word' id='word_1_332' title='bbox 1930 1841 1958 1870; x_wconf 89' lang='lat' dir='ltr'>a</span> <span class='ocrx_word' id='word_1_333' title='bbox 1986 1829 2116 1870; x_wconf 88' lang='lat' dir='ltr'>sectis</span> <span class='ocrx_word' id='word_1_334' title='bbox 2145 1829 2216 1870; x_wconf 91' lang='lat'>42.</span> 
     </span>
     <span class='ocr_line' id='line_1_69' title="bbox 1423 1886 2420 1940; baseline 0.002 -14"><span class='ocrx_word' id='word_1_335' title='bbox 1423 1909 1476 1914; x_wconf 93' lang='lat'>-—</span> <span class='ocrx_word' id='word_1_336' title='bbox 1507 1899 1741 1940; x_wconf 88' lang='lat' dir='ltr'>regnorum</span> <span class='ocrx_word' id='word_1_337' title='bbox 1770 1887 2011 1940; x_wconf 87' lang='lat' dir='ltr'>spoliantur</span> <span class='ocrx_word' id='word_1_338' title='bbox 2038 1899 2067 1927; x_wconf 82' lang='lat' dir='ltr'>a</span> <span class='ocrx_word' id='word_1_339' title='bbox 2085 1886 2291 1928; x_wconf 83' lang='lat' dir='ltr'>fratribus</span> <span class='ocrx_word' id='word_1_340' title='bbox 2319 1887 2388 1928; x_wconf 86' lang='lat'>39.</span> <span class='ocrx_word' id='word_1_341' title='bbox 2418 1898 2420 1903; x_wconf 82' lang='grc'><strong>’</strong></span> 
     </span>
     <span class='ocr_line' id='line_1_70' title="bbox 1426 1943 2390 1998; baseline 0.001 -15"><span class='ocrx_word' id='word_1_342' title='bbox 1426 1956 1633 1997; x_wconf 86' lang='lat' dir='ltr'>—perum</span> <span class='ocrx_word' id='word_1_343' title='bbox 1660 1944 1857 1998; x_wconf 91' lang='lat' dir='ltr'>rapinam</span> <span class='ocrx_word' id='word_1_344' title='bbox 1887 1943 2088 1985; x_wconf 88' lang='lat' dir='ltr'>seduccio</span> <span class='ocrx_word' id='word_1_345' title='bbox 2118 1943 2390 1985; x_wconf 84' lang='lat' dir='ltr'>dominorum</span> 
     </span>
     <span class='ocr_line' id='line_1_71' title="bbox 1479 2000 2427 2043; baseline 0.002 -2"><span class='ocrx_word' id='word_1_346' title='bbox 1479 2000 1738 2041; x_wconf 82' lang='lat' dir='ltr'>secularium</span> <span class='ocrx_word' id='word_1_347' title='bbox 1766 2001 1933 2042; x_wconf 90' lang='lat' dir='ltr'>inducit</span> <span class='ocrx_word' id='word_1_348' title='bbox 1961 2002 2058 2043; x_wconf 89' lang='lat'>251.</span> <span class='ocrx_word' id='word_1_349' title='bbox 2423 2040 2427 2043; x_wconf 84' lang='grc'><strong>.</strong></span> 
     </span>
     <span class='ocr_line' id='line_1_72' title="bbox 1426 2057 2431 2112; baseline 0 -14"><span class='ocrx_word' id='word_1_350' title='bbox 1426 2080 1479 2087; x_wconf 85' lang='grc'>-</span> <span class='ocrx_word' id='word_1_351' title='bbox 1509 2059 1767 2112; x_wconf 88' lang='lat' dir='ltr'>temporalia</span> <span class='ocrx_word' id='word_1_352' title='bbox 1796 2059 1980 2099; x_wconf 88' lang='lat' dir='ltr'>collecta</span> <span class='ocrx_word' id='word_1_353' title='bbox 1998 2058 2045 2099; x_wconf 91' lang='lat' dir='ltr'>in</span> <span class='ocrx_word' id='word_1_354' title='bbox 2063 2057 2269 2099; x_wconf 85' lang='lat' dir='ltr'>abbacias</span> <span class='ocrx_word' id='word_1_355' title='bbox 2291 2057 2387 2106; x_wconf 76' lang='lat'>134.</span> <span class='ocrx_word' id='word_1_356' title='bbox 2405 2078 2409 2082; x_wconf 86' lang='lat'><strong>·</strong></span> <span class='ocrx_word' id='word_1_357' title='bbox 2430 2059 2431 2062; x_wconf 76' lang='grc'>’</span> 
     </span>
     <span class='ocr_line' id='line_1_73' title="bbox 1428 2115 1941 2169; baseline 0.006 -15"><span class='ocrx_word' id='word_1_358' title='bbox 1428 2138 1471 2145; x_wconf 89' lang='grc'>-</span> <span class='ocrx_word' id='word_1_359' title='bbox 1509 2115 1626 2155; x_wconf 90' lang='lat' dir='ltr'>bona</span> <span class='ocrx_word' id='word_1_360' title='bbox 1652 2116 1843 2169; x_wconf 88' lang='lat' dir='ltr'>paucula</span> <span class='ocrx_word' id='word_1_361' title='bbox 1874 2116 1941 2157; x_wconf 88' lang='lat'>72.</span> 
     </span>
     <span class='ocr_line' id='line_1_74' title="bbox 1422 2173 2188 2215; baseline 0.004 -3"><span class='ocrx_word' id='word_1_362' title='bbox 1422 2173 1467 2212; x_wconf 93' lang='lat' dir='ltr'>in</span> <span class='ocrx_word' id='word_1_363' title='bbox 1498 2195 1551 2201; x_wconf 93' lang='lat'><strong>—</strong></span> <span class='ocrx_word' id='word_1_364' title='bbox 1584 2174 1787 2214; x_wconf 88' lang='lat' dir='ltr'>oneribus</span> <span class='ocrx_word' id='word_1_365' title='bbox 1816 2173 2061 2214; x_wconf 88' lang='lat' dir='ltr'>consentire</span> <span class='ocrx_word' id='word_1_366' title='bbox 2090 2173 2188 2215; x_wconf 89' lang='lat'>244.</span> 
     </span>
     <span class='ocr_line' id='line_1_75' title="bbox 1426 2230 2242 2284; baseline 0.002 -14"><span class='ocrx_word' id='word_1_367' title='bbox 1426 2230 1656 2284; x_wconf 89' lang='lat' dir='ltr'>—peribus</span> <span class='ocrx_word' id='word_1_368' title='bbox 1685 2243 1866 2271; x_wconf 89' lang='lat' dir='ltr'>onerose</span> <span class='ocrx_word' id='word_1_369' title='bbox 1896 2235 1998 2271; x_wconf 90' lang='lat' dir='ltr'>sunt</span> <span class='ocrx_word' id='word_1_370' title='bbox 2025 2235 2143 2272; x_wconf 81' lang='lat' dir='ltr'>secte</span> <span class='ocrx_word' id='word_1_371' title='bbox 2172 2231 2242 2273; x_wconf 88' lang='lat'>44.</span> 
     </span>
     <span class='ocr_line' id='line_1_76' title="bbox 1426 2286 2282 2330; baseline 0.002 -3"><span class='ocrx_word' id='word_1_372' title='bbox 1426 2310 1478 2316; x_wconf 90' lang='grc'><strong>-</strong></span> <span class='ocrx_word' id='word_1_373' title='bbox 1511 2286 1674 2328; x_wconf 87' lang='lat' dir='ltr'>Gristus</span> <span class='ocrx_word' id='word_1_374' title='bbox 1701 2301 1791 2329; x_wconf 91' lang='lat' dir='ltr'>non</span> <span class='ocrx_word' id='word_1_375' title='bbox 1821 2292 1915 2328; x_wconf 89' lang='lat' dir='ltr'>erat</span> <span class='ocrx_word' id='word_1_376' title='bbox 1944 2300 2150 2329; x_wconf 85' lang='lat' dir='ltr'>onerosus</span> <span class='ocrx_word' id='word_1_377' title='bbox 2183 2288 2282 2330; x_wconf 84' lang='lat'>245.</span> 
     </span>
     <span class='ocr_line' id='line_1_77' title="bbox 1426 2344 1954 2397; baseline 0.004 -13"><span class='ocrx_word' id='word_1_378' title='bbox 1426 2366 1479 2374; x_wconf 94' lang='lat'><strong>—</strong></span> <span class='ocrx_word' id='word_1_379' title='bbox 1511 2344 1744 2397; x_wconf 90' lang='lat' dir='ltr'>debilibus,</span> <span class='ocrx_word' id='word_1_380' title='bbox 1775 2345 1954 2397; x_wconf 87' lang='lat' dir='ltr'>claudis,</span> 
     </span>
     <span class='ocr_line' id='line_1_78' title="bbox 1423 2457 2390 2512; baseline 0.001 -13"><span class='ocrx_word' id='word_1_381' title='bbox 1423 2458 1663 2512; x_wconf 88' lang='lat' dir='ltr'>Pauperari</span> <span class='ocrx_word' id='word_1_382' title='bbox 1699 2471 1803 2512; x_wconf 89' lang='lat' dir='ltr'>sepe</span> <span class='ocrx_word' id='word_1_383' title='bbox 1840 2458 1898 2500; x_wconf 90' lang='lat' dir='ltr'>ad</span> <span class='ocrx_word' id='word_1_384' title='bbox 1925 2459 2112 2502; x_wconf 88' lang='lat' dir='ltr'>salutem</span> <span class='ocrx_word' id='word_1_385' title='bbox 2141 2459 2286 2500; x_wconf 85' lang='lat' dir='ltr'>anime</span> <span class='ocrx_word' id='word_1_386' title='bbox 2314 2457 2390 2500; x_wconf 88' lang='lat' dir='ltr'>ho—</span> 
     </span>
     <span class='ocr_line' id='line_1_79' title="bbox 1480 2516 1830 2557; baseline 0.003 -2"><span class='ocrx_word' id='word_1_387' title='bbox 1480 2516 1607 2556; x_wconf 91' lang='lat' dir='ltr'>minis</span> <span class='ocrx_word' id='word_1_388' title='bbox 1637 2520 1703 2557; x_wconf 91' lang='lat' dir='ltr'>est</span> <span class='ocrx_word' id='word_1_389' title='bbox 1734 2516 1830 2557; x_wconf 92' lang='lat'>121.</span> 
     </span>
     <span class='ocr_line' id='line_1_80' title="bbox 1423 2573 2315 2627; baseline 0.001 -13"><span class='ocrx_word' id='word_1_390' title='bbox 1423 2573 1661 2627; x_wconf 91' lang='lat' dir='ltr'>Pauperies</span> <span class='ocrx_word' id='word_1_391' title='bbox 1691 2577 1736 2614; x_wconf 90' lang='lat' dir='ltr'>et</span> <span class='ocrx_word' id='word_1_392' title='bbox 1764 2574 1971 2615; x_wconf 84' lang='lat' dir='ltr'>sanctitas</span> <span class='ocrx_word' id='word_1_393' title='bbox 2000 2577 2217 2615; x_wconf 84' lang='lat' dir='ltr'>sectarum</span> <span class='ocrx_word' id='word_1_394' title='bbox 2247 2573 2315 2615; x_wconf 89' lang='lat'>72.</span> 
     </span>
     <span class='ocr_line' id='line_1_81' title="bbox 1424 2630 2322 2685; baseline 0.001 -14"><span class='ocrx_word' id='word_1_395' title='bbox 1424 2631 1478 2671; x_wconf 88' lang='lat' dir='ltr'>de</span> <span class='ocrx_word' id='word_1_396' title='bbox 1509 2630 1685 2685; x_wconf 90' lang='lat' dir='ltr'>-perie</span> <span class='ocrx_word' id='word_1_397' title='bbox 1715 2630 1870 2672; x_wconf 87' lang='lat' dir='ltr'>fratres</span> <span class='ocrx_word' id='word_1_398' title='bbox 1900 2635 2225 2685; x_wconf 88' lang='lat' dir='ltr'>conqueruntur</span> <span class='ocrx_word' id='word_1_399' title='bbox 2253 2631 2322 2672; x_wconf 88' lang='lat'>66.</span> 
     </span>
     <span class='ocr_line' id='line_1_82' title="bbox 1423 2688 2064 2743; baseline 0.003 -15"><span class='ocrx_word' id='word_1_400' title='bbox 1423 2689 1664 2742; x_wconf 87' lang='lat' dir='ltr'>Paupertas</span> <span class='ocrx_word' id='word_1_401' title='bbox 1694 2688 1967 2743; x_wconf 87' lang='lat' dir='ltr'>ewangelica</span> <span class='ocrx_word' id='word_1_402' title='bbox 1996 2690 2064 2730; x_wconf 88' lang='lat'>37.</span> 
     </span>
     <span class='ocr_line' id='line_1_83' title="bbox 1425 2745 2390 2800; baseline 0.001 -14"><span class='ocrx_word' id='word_1_403' title='bbox 1425 2768 1478 2774; x_wconf 94' lang='lat'>—</span> <span class='ocrx_word' id='word_1_404' title='bbox 1509 2745 1684 2799; x_wconf 87' lang='lat' dir='ltr'>spiritus</span> <span class='ocrx_word' id='word_1_405' title='bbox 1721 2749 1787 2786; x_wconf 89' lang='lat' dir='ltr'>est</span> <span class='ocrx_word' id='word_1_406' title='bbox 1816 2745 1872 2786; x_wconf 89' lang='lat' dir='ltr'>ad</span> <span class='ocrx_word' id='word_1_407' title='bbox 1901 2745 2220 2787; x_wconf 85' lang='lat' dir='ltr'>beatitudinem</span> <span class='ocrx_word' id='word_1_408' title='bbox 2246 2745 2390 2800; x_wconf 87' lang='lat' dir='ltr'>requi-</span> 
     </span>
     <span class='ocr_line' id='line_1_84' title="bbox 1480 2803 1690 2844; baseline 0.005 -1"><span class='ocrx_word' id='word_1_409' title='bbox 1480 2803 1564 2843; x_wconf 89' lang='lat' dir='ltr'>sita</span> <span class='ocrx_word' id='word_1_410' title='bbox 1594 2803 1690 2844; x_wconf 91' lang='lat'>528.</span> 
     </span>
     <span class='ocr_line' id='line_1_85' title="bbox 1426 2859 2421 2903; baseline -0.001 -2"><span class='ocrx_word' id='word_1_411' title='bbox 1426 2864 1617 2901; x_wconf 87' lang='lat' dir='ltr'>—tatem</span> <span class='ocrx_word' id='word_1_412' title='bbox 1646 2859 1911 2900; x_wconf 90' lang='lat' dir='ltr'>meritoriam</span> <span class='ocrx_word' id='word_1_413' title='bbox 1941 2864 1986 2901; x_wconf 89' lang='lat' dir='ltr'>et</span> <span class='ocrx_word' id='word_1_414' title='bbox 2004 2859 2296 2903; x_wconf 83' lang='lat' dir='ltr'>voluntariam</span> <span class='ocrx_word' id='word_1_415' title='bbox 2317 2871 2388 2901; x_wconf 88' lang='lat' dir='ltr'>ex·</span> <span class='ocrx_word' id='word_1_416' title='bbox 2420 2888 2421 2893; x_wconf 23' lang='grc' dir='ltr'>η</span> 
     </span>
     <span class='ocr_line' id='line_1_86' title="bbox 1479 2917 2429 2961; baseline 0.004 -4"><span class='ocrx_word' id='word_1_417' title='bbox 1479 2917 1616 2958; x_wconf 89' lang='lat' dir='ltr'>cludit</span> <span class='ocrx_word' id='word_1_418' title='bbox 1643 2917 1834 2958; x_wconf 84' lang='lat' dir='ltr'>stulticia</span> <span class='ocrx_word' id='word_1_419' title='bbox 1863 2920 2081 2958; x_wconf 85' lang='lat' dir='ltr'>sectarum</span> <span class='ocrx_word' id='word_1_420' title='bbox 2109 2918 2178 2960; x_wconf 80' lang='lat'>43.</span> <span class='ocrx_word' id='word_1_421' title='bbox 2427 2959 2429 2961; x_wconf 87' lang='lat'>.</span> 
     </span>
     <span class='ocr_line' id='line_1_87' title="bbox 1423 2973 2417 3028; baseline 0.001 -13"><span class='ocrx_word' id='word_1_422' title='bbox 1423 2978 1615 3015; x_wconf 86' lang='lat' dir='ltr'>—tatem</span> <span class='ocrx_word' id='word_1_423' title='bbox 1645 2974 1959 3028; x_wconf 86' lang='lat' dir='ltr'>ewangelicam</span> <span class='ocrx_word' id='word_1_424' title='bbox 1989 2974 2152 3016; x_wconf 87' lang='lat' dir='ltr'>Cristus</span> <span class='ocrx_word' id='word_1_425' title='bbox 2179 2973 2392 3019; x_wconf 77' lang='lat' dir='ltr'>concessit</span> <span class='ocrx_word' id='word_1_426' title='bbox 2416 3020 2417 3023; x_wconf 11' lang='grc' dir='ltr'><strong>Ἴ</strong></span> 
     </span>
     <span class='ocr_line' id='line_1_88' title="bbox 1422 3087 2388 3143; baseline -0.002 -13"><span class='ocrx_word' id='word_1_427' title='bbox 1422 3089 1635 3130; x_wconf 90' lang='lat' dir='ltr'>Pausacio</span> <span class='ocrx_word' id='word_1_428' title='bbox 1665 3089 1916 3142; x_wconf 88' lang='lat' dir='ltr'>temporalis</span> <span class='ocrx_word' id='word_1_429' title='bbox 1944 3088 1990 3129; x_wconf 93' lang='lat' dir='ltr'>in</span> <span class='ocrx_word' id='word_1_430' title='bbox 2009 3087 2258 3143; x_wconf 82' lang='lat' dir='ltr'>purgatorio</span> <span class='ocrx_word' id='word_1_431' title='bbox 2292 3087 2388 3130; x_wconf 90' lang='lat'>146.</span> 
     </span>
    </p>
   </div>
   <div class='ocr_carea' id='block_1_24' title="bbox 1985 2345 2391 2387">
    <p class='ocr_par' dir='ltr' id='par_1_55' title="bbox 1985 2345 2391 2387">
     <span class='ocr_line' id='line_1_89' title="bbox 1985 2345 2391 2387; baseline 0 -1"><span class='ocrx_word' id='word_1_432' title='bbox 1985 2345 2098 2386; x_wconf 88' lang='lat' dir='ltr'>cecis</span> <span class='ocrx_word' id='word_1_433' title='bbox 2125 2345 2391 2387; x_wconf 82' lang='lat' dir='ltr'>ministretur</span> 
     </span>
    </p>
   </div>
   <div class='ocr_carea' id='block_1_25' title="bbox 371 3143 2418 3203">
    <p class='ocr_par' dir='ltr' id='par_1_56' title="bbox 371 3143 2428 3203">
     <span class='ocr_line' id='line_1_90' title="bbox 371 3143 2418 3203; baseline 0 -17"><span class='ocrx_word' id='word_1_434' title='bbox 371 3168 430 3175; x_wconf 90' lang='lat'><em>-</em></span> <span class='ocrx_word' id='word_1_435' title='bbox 468 3146 659 3188; x_wconf 83' lang='lat' dir='ltr'>servavit</span> <span class='ocrx_word' id='word_1_436' title='bbox 695 3151 844 3187; x_wconf 89' lang='lat' dir='ltr'>contra</span> <span class='ocrx_word' id='word_1_437' title='bbox 881 3148 1060 3188; x_wconf 90' lang='lat' dir='ltr'>Petrum</span> <span class='ocrx_word' id='word_1_438' title='bbox 1104 3148 1337 3203; x_wconf 85' lang='lat' dir='ltr'>ewangelii</span> <span class='ocrx_word' id='word_1_439' title='bbox 1423 3147 1517 3187; x_wconf 87' lang='lat' dir='ltr'>Pax</span> <span class='ocrx_word' id='word_1_440' title='bbox 1537 3146 1769 3199; x_wconf 88' lang='lat' dir='ltr'>corporalis</span> <span class='ocrx_word' id='word_1_441' title='bbox 1790 3150 1835 3186; x_wconf 90' lang='lat' dir='ltr'>et</span> <span class='ocrx_word' id='word_1_442' title='bbox 1853 3146 2086 3200; x_wconf 88' lang='lat' dir='ltr'>spiritualis</span> <span class='ocrx_word' id='word_1_443' title='bbox 2101 3143 2390 3187; x_wconf 74' lang='lat' dir='ltr'>discernenda</span> <span class='ocrx_word' id='word_1_444' title='bbox 2416 3184 2418 3186; x_wconf 87' lang='lat'>.</span> 
     </span>
    </p>
   </div>
   <div class='ocr_carea' id='block_1_26' title="bbox 375 3202 1148 3303">
    <p class='ocr_par' dir='ltr' id='par_1_57' title="bbox 375 3202 1134 3303">
     <span class='ocr_line' id='line_1_91' title="bbox 431 3202 804 3245; baseline 0.008 -3"><span class='ocrx_word' id='word_1_445' title='bbox 431 3202 677 3244; x_wconf 90' lang='lat' dir='ltr'>libertatem</span> <span class='ocrx_word' id='word_1_446' title='bbox 708 3205 804 3245; x_wconf 92' lang='lat'>668.</span> 
     </span>
     <span class='ocr_line' id='line_1_92' title="bbox 375 3260 1148 3303; baseline 0.004 -3"><span class='ocrx_word' id='word_1_447' title='bbox 375 3281 427 3288; x_wconf 89' lang='lat'>-—</span> <span class='ocrx_word' id='word_1_448' title='bbox 459 3260 548 3301; x_wconf 89' lang='lat' dir='ltr'>suis</span> <span class='ocrx_word' id='word_1_449' title='bbox 577 3261 776 3302; x_wconf 90' lang='lat' dir='ltr'>manibus</span> <span class='ocrx_word' id='word_1_450' title='bbox 805 3261 1022 3303; x_wconf 85' lang='lat' dir='ltr'>laboravit</span> <span class='ocrx_word' id='word_1_451' title='bbox 1052 3263 1148 3303; x_wconf 94' lang='lat'>708.</span> 
     </span>
    </p>
   </div>
   <div class='ocr_carea' id='block_1_27' title="bbox 1425 3204 2043 3314">
    <p class='ocr_par' dir='ltr' id='par_1_58' title="bbox 1425 3204 2030 3314">
     <span class='ocr_line' id='line_1_93' title="bbox 1481 3204 1672 3244; baseline -0.006 0"><span class='ocrx_word' id='word_1_452' title='bbox 1481 3207 1546 3244; x_wconf 88' lang='lat' dir='ltr'>est</span> <span class='ocrx_word' id='word_1_453' title='bbox 1576 3204 1672 3244; x_wconf 90' lang='lat'>215.</span> 
     </span>
     <span class='ocr_line' id='line_1_94' title="bbox 1425 3260 2043 3314; baseline 0 -13"><span class='ocrx_word' id='word_1_454' title='bbox 1425 3284 1478 3290; x_wconf 93' lang='lat'>—</span> <span class='ocrx_word' id='word_1_455' title='bbox 1509 3260 1698 3314; x_wconf 88' lang='lat' dir='ltr'>corporis</span> <span class='ocrx_word' id='word_1_456' title='bbox 1727 3260 1834 3314; x_wconf 91' lang='lat' dir='ltr'>quid</span> <span class='ocrx_word' id='word_1_457' title='bbox 1862 3260 1918 3301; x_wconf 90' lang='lat' dir='ltr'>sit</span> <span class='ocrx_word' id='word_1_458' title='bbox 1946 3260 2043 3302; x_wconf 90' lang='lat'>215.</span> 
     </span>
    </p>
   </div>
   <div class='ocr_carea' id='block_1_28' title="bbox 373 3317 1930 3371">
    <p class='ocr_par' dir='ltr' id='par_1_59' title="bbox 373 3317 1930 3371">
     <span class='ocr_line' id='line_1_95' title="bbox 373 3317 1930 3371; baseline 0 -14"><span class='ocrx_word' id='word_1_459' title='bbox 373 3337 428 3345; x_wconf 93' lang='lat'>-—</span> <span class='ocrx_word' id='word_1_460' title='bbox 459 3317 536 3358; x_wconf 88' lang='lat' dir='ltr'>wlt</span> <span class='ocrx_word' id='word_1_461' title='bbox 577 3322 717 3358; x_wconf 87' lang='lat' dir='ltr'>sectas</span> <span class='ocrx_word' id='word_1_462' title='bbox 759 3318 805 3358; x_wconf 90' lang='lat' dir='ltr'>in</span> <span class='ocrx_word' id='word_1_463' title='bbox 840 3331 974 3359; x_wconf 91' lang='lat' dir='ltr'>unam</span> <span class='ocrx_word' id='word_1_464' title='bbox 1010 3323 1174 3360; x_wconf 84' lang='lat' dir='ltr'>sectam</span> <span class='ocrx_word' id='word_1_465' title='bbox 1211 3318 1339 3360; x_wconf 84' lang='lat' dir='ltr'>Gristi</span> <span class='ocrx_word' id='word_1_466' title='bbox 1425 3340 1478 3348; x_wconf 91' lang='lat'>—</span> <span class='ocrx_word' id='word_1_467' title='bbox 1510 3331 1640 3371; x_wconf 87' lang='lat' dir='ltr'>super</span> <span class='ocrx_word' id='word_1_468' title='bbox 1667 3317 1804 3358; x_wconf 80' lang='lat' dir='ltr'>Israel</span> <span class='ocrx_word' id='word_1_469' title='bbox 1834 3318 1930 3358; x_wconf 91' lang='lat'>128.</span> 
     </span>
    </p>
   </div>
   <div class='ocr_carea' id='block_1_29' title="bbox 369 3374 1273 3543">
    <p class='ocr_par' dir='ltr' id='par_1_60' title="bbox 369 3374 1273 3543">
     <span class='ocr_line' id='line_1_96' title="bbox 430 3374 737 3416; baseline 0.01 -3"><span class='ocrx_word' id='word_1_470' title='bbox 430 3374 639 3416; x_wconf 90' lang='lat' dir='ltr'>reducere</span> <span class='ocrx_word' id='word_1_471' title='bbox 669 3376 737 3416; x_wconf 90' lang='lat'>23.</span> 
     </span>
     <span class='ocr_line' id='line_1_97' title="bbox 369 3431 1273 3486; baseline 0.003 -15"><span class='ocrx_word' id='word_1_472' title='bbox 369 3453 428 3459; x_wconf 91' lang='lat'><strong>—</strong></span> <span class='ocrx_word' id='word_1_473' title='bbox 459 3431 717 3485; x_wconf 86' lang='lat' dir='ltr'>splendebat</span> <span class='ocrx_word' id='word_1_474' title='bbox 744 3432 896 3486; x_wconf 87' lang='lat' dir='ltr'>spiritu</span> <span class='ocrx_word' id='word_1_475' title='bbox 925 3433 1174 3486; x_wconf 89' lang='lat' dir='ltr'>prophetico</span> <span class='ocrx_word' id='word_1_476' title='bbox 1205 3434 1273 3475; x_wconf 88' lang='lat'>38.</span> 
     </span>
     <span class='ocr_line' id='line_1_98' title="bbox 370 3488 1271 3543; baseline 0.006 -16"><span class='ocrx_word' id='word_1_477' title='bbox 370 3509 430 3516; x_wconf 93' lang='lat'>-</span> <span class='ocrx_word' id='word_1_478' title='bbox 460 3488 652 3542; x_wconf 87' lang='lat' dir='ltr'>loquitur</span> <span class='ocrx_word' id='word_1_479' title='bbox 680 3489 930 3543; x_wconf 89' lang='lat' dir='ltr'>prophetice</span> <span class='ocrx_word' id='word_1_480' title='bbox 961 3490 1015 3530; x_wconf 89' lang='lat' dir='ltr'>de</span> <span class='ocrx_word' id='word_1_481' title='bbox 1045 3491 1172 3531; x_wconf 91' lang='lat' dir='ltr'>sectis</span> <span class='ocrx_word' id='word_1_482' title='bbox 1205 3491 1271 3532; x_wconf 88' lang='lat'>18.</span> 
     </span>
    </p>
   </div>
   <div class='ocr_carea' id='block_1_30' title="bbox 1426 3371 2437 3542">
    <p class='ocr_par' dir='ltr' id='par_1_61' title="bbox 1426 3371 2437 3542">
     <span class='ocr_line' id='line_1_99' title="bbox 1426 3371 2437 3428; baseline 0.001 -12"><span class='ocrx_word' id='word_1_483' title='bbox 1426 3398 1479 3405; x_wconf 95' lang='lat'>—</span> <span class='ocrx_word' id='word_1_484' title='bbox 1528 3375 1781 3428; x_wconf 82' lang='lat' dir='ltr'>perturbata</span> <span class='ocrx_word' id='word_1_485' title='bbox 1837 3387 1915 3428; x_wconf 90' lang='lat' dir='ltr'>pro</span> <span class='ocrx_word' id='word_1_486' title='bbox 1956 3374 2127 3416; x_wconf 89' lang='lat' dir='ltr'>timore</span> <span class='ocrx_word' id='word_1_487' title='bbox 2174 3371 2389 3415; x_wconf 88' lang='lat' dir='ltr'>commodi</span> <span class='ocrx_word' id='word_1_488' title='bbox 2434 3412 2437 3417; x_wconf 75' lang='grc'>,</span> 
     </span>
     <span class='ocr_line' id='line_1_100' title="bbox 1482 3432 1694 3486; baseline 0 -14"><span class='ocrx_word' id='word_1_489' title='bbox 1482 3444 1595 3486; x_wconf 89' lang='lat' dir='ltr'>pape</span> <span class='ocrx_word' id='word_1_490' title='bbox 1627 3432 1694 3473; x_wconf 91' lang='lat'>32.</span> 
     </span>
     <span class='ocr_line' id='line_1_101' title="bbox 1427 3487 2431 3542; baseline 0.001 -13"><span class='ocrx_word' id='word_1_491' title='bbox 1427 3513 1479 3520; x_wconf 91' lang='grc'>--</span> <span class='ocrx_word' id='word_1_492' title='bbox 1489 3489 1723 3542; x_wconf 87' lang='lat' dir='ltr'>spiritualis</span> <span class='ocrx_word' id='word_1_493' title='bbox 1740 3493 1805 3529; x_wconf 89' lang='lat' dir='ltr'>est</span> <span class='ocrx_word' id='word_1_494' title='bbox 1819 3488 1976 3529; x_wconf 88' lang='lat' dir='ltr'>mentis</span> <span class='ocrx_word' id='word_1_495' title='bbox 1983 3487 2273 3542; x_wconf 79' lang='lat' dir='ltr'>tranquillitas</span> <span class='ocrx_word' id='word_1_496' title='bbox 2287 3487 2385 3528; x_wconf 88' lang='lat'>215.</span> <span class='ocrx_word' id='word_1_497' title='bbox 2430 3527 2431 3530; x_wconf 73' lang='grc'>,</span> 
     </span>
    </p>
   </div>
   <div class='ocr_carea' id='block_1_31' title="bbox 2423 0 2528 4074">
    <p class='ocr_par' dir='ltr' id='par_1_62' title="bbox 2423 0 2528 4074">
     <span class='ocr_line' id='line_1_102' title="bbox 2423 0 2528 4074; baseline 0 0"><span class='ocrx_word' id='word_1_498' title='bbox 2423 0 2528 4074; x_wconf 95' lang='lat' dir='ltr'> </span> 
     </span>
    </p>
   </div>
  </div>
 </body>
</html>
