2528 4074
850 416 1154 457 GENERAL
1185 415 1406 456 INDEX.
2042 424 2143 472 729

90 562 276 608 Auferre
303 561 548 604 subsidium
583 561 828 616 temporale
872 561 929 602 ab
960 561 1072 602 ordi-
1160 559 1365 613 Baptista
1393 559 1478 600 fuit
1499 572 1631 614 preco
1661 561 1790 602 Cristi
1821 563 1920 604 467.

15 624 26 653 j
55 672 58 674 v
147 621 278 662 nibus
307 621 406 662 364,
1162 640 1217 646 -—-
1250 617 1487 671 discipulos
1508 631 1609 659 suos
1631 619 1688 659 ad
1708 624 1876 661 sectam
1898 620 2028 663 Cristi
2046 636 2144 677 pre-

2 678 39 741 '25
89 678 328 733 Auffugere
358 678 625 719 salvatorem
656 677 755 718 349.
1218 676 1394 730 paravit
1425 677 1523 717 313.

90 760 147 772 ...-
176 749 204 778 a
239 736 446 778 fratribus
480 735 556 777 lex
594 735 724 777 Gristi
758 735 947 791 precipit
979 738 1046 779 78.
1158 734 1441 788 Baptizatum
1463 734 1518 775 de
1547 734 1670 776 fonte
1689 735 1845 777 levant
1864 736 2021 779 affines
2043 752 2144 779 con-

0 783 39 826 *ὶτ
90 795 274 851 —giunt
321 799 440 836 secte
488 793 850 848 persecucionem
888 800 1068 850 propter
1210 792 1404 847 jugandi
1438 791 1537 834 16ἵί

37 871 64 908 ,⁴
144 853 377 895 veritatem
408 851 728 907 ewangelicam
759 854 858 894 398.
1156 850 1347 892 Basilice
1386 851 1666 906 appropriate
1699 851 1910 894 deficiunt
1938 853 1985 894 in
2014 855 2143 895 tectis

0 927 4 962 j
87 912 313 967 Augentes
338 911 575 966 relig-iones
611 911 722 965 priv.
758 917 1065 966 procuratores
1215 913 1261 950 et
1290 910 1562 951 ornamentis
1595 911 1693 952 134.

11 965 14 972 ’
51 970 80 982 ’”
145 969 322 1024 dyaboli
350 974 453 1011 sunt
483 970 582 1011 527.
1154 967 1282 1009 Basis
1327 968 1524 1009 omnium
1568 969 1832 1010 noticiarum
1878 975 1945 1011 est
1979 971 2144 1012 noticia

85 1027 332 1084 Augurium
361 1029 459 1070 367.
1214 1026 1287 1067 dei
1317 1027 1415 1068 210.

60 1137 70 1142 Α
85 1086 356 1143 Augustinus
384 1085 626 1128 monachus
657 1087 756 1128 248.
1155 1108 1210 1113 -—
1231 1085 1307 1126 vel
1325 1085 1666 1127 fundamentum
1679 1086 1907 1142 religionis
1928 1092 1996 1129 est
2020 1102 2141 1130 man-

85 1167 143 1177 —-
169 1149 380 1200 patronus
409 1145 721 1186 canonicorum
754 1146 850 1187 173.
1213 1143 1414 1185 datorum
1444 1145 1727 1187 conservacio
1759 1147 1857 1188 298.

87 1227 142 1235 —
169 1203 431 1258 sathagebat
460 1203 518 1245 ad
546 1203 789 1245 vivendum
817 1204 1062 1246 secundum
1151 1201 1390 1244 Beatitudo
1421 1203 1732 1245 modernorum
1763 1205 1861 1246 222.

55 1277 58 1286 ’
141 1274 333 1304 canones
361 1262 624 1317 apostolicos
656 1263 754 1304 248.
1154 1283 1208 1289 -
1239 1261 1454 1316 sprituum
1484 1262 1787 1318 angelicorum
1820 1264 1918 1305 147.

53 1343 58 1359 ·.
85 1343 140 1352 -
168 1320 324 1362 vivens
338 1321 582 1362 secundum
596 1321 799 1376 regulam
815 1320 945 1363 Cristi
961 1322 1060 1364 247.
1153 1342 1208 1347 —
1239 1320 1375 1374 plena
1404 1325 1657 1362 sanctorum
1685 1321 1733 1362 in
1763 1322 1869 1363 celis
1903 1323 1999 1364 147.
2038 1332 2048 1345 ⁸

54 1387 58 1389 ’
85 1401 140 1411 --
167 1393 275 1421 num
303 1379 559 1421 fundaverit
587 1380 823 1421 canonicos
853 1380 952 1422 247.
1151 1401 1208 1408 —
1238 1379 1452 1420 intensior
1480 1384 1587 1421 nota
1618 1384 1685 1421 est
1705 1393 1761 1421 ex
1791 1381 2007 1436 religione
2026 1382 2137 1436 priv.

67 1446 139 1469 ’-·-
166 1437 382 1493 regularis
397 1438 636 1480 canonicus
652 1442 698 1480 et
710 1438 952 1480 monachus
961 1439 1060 1481 247.
1211 1437 1309 1478 534.

83 1496 186 1538 -ni
211 1497 485 1539 consuetudo
515 1497 615 1538 248.
1154 1495 1359 1536 —dinem
1397 1510 1488 1537 non
1533 1501 1728 1538 meretur
1772 1498 1918 1539 oracio
1962 1499 2141 1553 presciti

82 1567 138 1587 ⁴-
167 1554 480 1598 condescensio
501 1555 559 1597 ad
577 1569 757 1597 sensum
777 1569 1059 1598 communem
1210 1555 1308 1595 344.

122 1613 238 1657 ,248.
1150 1635 1205 1642 -
1236 1618 1509 1668 postponunt
1538 1614 1695 1656 fratres
1726 1615 1825 1656 482.

81 1685 244 1714 —num
286 1671 415 1728 fingit
461 1678 698 1728 patronum
750 1674 891 1716 tercia
936 1679 1061 1716 secta
1150 1694 1206 1701 —
1237 1673 1379 1714 sancti
1394 1673 1544 1714 David
1565 1673 1666 1728 plus
1689 1673 1830 1715 credit
1842 1673 1985 1715 fidelis
2001 1687 2136 1729 quam

137 1731 235 1773 274.
1207 1731 1348 1772 credit
1376 1732 1700 1774 beatitudinem
1731 1732 1918 1774 aliorum
1949 1734 2048 1775 279.

77 1789 346 1833 Auricularis
376 1791 593 1833 confessio
623 1792 836 1846 processit
867 1805 923 1833 ex
954 1805 1058 1833 ava-
1150 1813 1204 1818 -
1237 1791 1460 1845 consequi,
1494 1804 1583 1846 qua
1613 1791 1871 1833 condicione
1904 1794 2002 1834 300.

133 1848 241 1890 ricia
271 1850 368 1890 622.
1150 1871 1205 1876 -
1237 1849 1459 1904 attingere
1492 1851 1589 1891 300.

78 1930 133 1937 —
161 1908 414 1963 genuflexio
435 1908 652 1950 confessio
681 1913 763 1951 etc.
794 1922 886 1950 non
905 1922 1058 1951 neces·
1146 1906 1193 1947 in
1230 1907 1388 1948 -dine
1427 1913 1547 1949 secte
1586 1908 1685 1963 plus
1722 1909 1939 1950 cristianis
1976 1910 2135 1951 ceteris

83 1995 90 1998 -
133 1966 249 2008 saria
279 1966 337 2008 ad
365 1967 556 2008 salutem
588 1968 686 2009 623.
1207 1966 1467 2020 premiande
1500 1968 1597 2008 381.

74 2023 196 2066 Aura
223 2025 541 2080 pestilencialis
573 2027 640 2068 72.
1146 2024 1315 2066 Beatus
1353 2025 1539 2080 quilibet
1575 2025 1875 2080 apostolorum
1911 2040 1991 2068 suo
2025 2031 2136 2068 tem-

74 2083 271 2126 Aureum
291 2085 506 2126 annulum
525 2085 625 2140 plus
650 2085 899 2140 ponderare
920 2099 1055 2141 quam
1207 2096 1313 2138 pore
1346 2085 1414 2125 34.

131 2141 266 2184 fidem
298 2143 395 2185 170.
1147 2165 1202 2170 —-
1224 2155 1315 2182 non
1338 2147 1405 2183 est
1427 2143 1587 2198 aliquis
1603 2143 1658 2184 de
1677 2143 1809 2185 sectis
1826 2149 2017 2199 quatuor
2034 2145 2133 2185 178.

71 2199 244 2243 'Aurum
272 2202 525 2244 mendicare
554 2216 634 2258 pro
665 2203 874 2244 statribus
907 2203 1003 2245 197.
1147 2223 1202 2230 ——-
1234 2205 1339 2242 sunt
1367 2202 1414 2242 in
1443 2202 1589 2256 patria
1614 2203 1690 2257 qui
1710 2207 1854 2244 sectas
1876 2203 2136 2258 relinquunt

66 2259 320 2302 Austeritas
349 2265 396 2303 et
414 2261 645 2303 moderata
671 2263 880 2317 potencia
897 2275 1056 2318 regum
1207 2260 1305 2301 178.
2115 2297 2118 2300 ,

67 2354 70 2355 ⁷
138 2319 234 2361 172.
1147 2318 1220 2358 —i
1257 2322 1360 2359 sunt
1394 2319 1522 2360 multi
1553 2332 1609 2361 ex
1644 2321 1880 2362 sanctitate
1910 2321 2007 2362 vite·
2036 2321 2134 2362 178.

72 2388 172 2421 cum
213 2382 344 2420 -ate
386 2379 594 2434 regulare
638 2379 837 2421 subditos
868 2379 1056 2422 ecclesie
1146 2377 1201 2418 de
1233 2400 1288 2407 —
1320 2377 1495 2433 gaudiis
1524 2378 1753 2434 dampnati
1781 2392 1945 2434 penam
1967 2379 2137 2421 habent

71 2493 395 2538 ⁴Authenticitas
410 2496 672 2552 scriptorum
686 2497 973 2552 Hildegardis
983 2498 1054 2539 67.
1146 2495 1194 2535 in
1240 2509 1423 2536 —orum
1462 2496 1664 2552 catalogo
1710 2496 1923 2550 dyabolos
1967 2509 2134 2551 ponere

71 2552 432 2597 Autonomastice
459 2555 656 2611 religiosi
685 2555 913 2598 dimittunt
942 2556 1055 2598 noti·
1202 2555 1301 2595 251.

129 2612 243 2654 ciam
270 2613 479 2656 trinitatis
509 2615 608 2656 210.
1145 2613 1238 2654 ——is
1268 2612 1504 2667 proficiunt
1538 2613 1766 2668 dampnati
1798 2614 1896 2655 329.

74 2692 132 2703 —
160 2671 356 2727 religiosi
383 2673 622 2715 intendunt
640 2673 958 2715 tradicionibus
977 2687 1054 2728 pa·
1143 2686 1221 2726 pro
1252 2695 1310 2700 —
1341 2671 1570 2726 dampnati
1598 2686 1690 2713 non
1713 2672 1912 2728 gaudent
1937 2674 2035 2714 327.

127 2730 332 2785 paalibus
362 2732 462 2774 210.
1142 2730 1431 2771 Beatissimus
1468 2745 1547 2785 pro
1583 2736 1783 2786 tempore
1824 2745 1903 2772 suo
1943 2732 2132 2787 quilibet

70 2787 209 2830 Avari
226 2789 393 2832 debent
411 2789 636 2832 mendicos
671 2794 922 2834 sustentare
955 2792 1053 2833 196.
1200 2802 1319 2844 papa
1352 2790 1449 2831 178.

72 2861 256 2889 —orum
283 2848 548 2891 sufferencia
579 2849 678 2891 196.
1142 2848 1321 2889 Bellare
1360 2848 1633 2890 dimitterent
1667 2848 1834 2889 domini
1862 2849 2130 2904 temporales

70 2904 278 2948 Avaricia
305 2907 460 2963 populi
493 2908 590 2950 191.
1202 2911 1355 2948 contra
1383 2920 1525 2963 regna
1556 2912 1710 2948 extera
1739 2909 1836 2949 138.

68 2984 127 2995 -
157 2965 389 3019 ydolorum
418 2967 608 3008 servitus
641 2967 739 3009 120.
1143 2970 1328 3007 —antes
1359 2971 1462 3007 sunt
1491 2966 1572 3007 filii
1601 2966 1747 3007 Belial
1779 2968 1877 3008 608.

71 3045 127 3053 —
156 3025 508 3068 contaminabilis
537 3025 775 3067 Scariothis
805 3026 905 3067 480.
1142 3025 1320 3066 Bellum
1349 3025 1513 3079 papale
1545 3026 1613 3066 35.

68 3103 128 3113 -—
157 3088 226 3125 est
252 3083 486 3137 ydolorum
515 3084 705 3126 servitus
738 3084 834 3126 135.
1113 3110 1116 3113 <
1144 3105 1199 3113 —
1231 3088 1276 3125 et
1306 3083 1519 3125 dissensio
1549 3084 1666 3125 inter
1694 3097 1835 3139 regna
1864 3088 1997 3125 acuta
2028 3085 2126 3125 598.

1143 3166 1198 3171 —
1213 3155 1330 3197 pape
1346 3142 1512 3184 directe
1529 3143 1770 3184 comittitur
1777 3147 1931 3184 contra
1939 3142 2129 3183 Cristum

529 3212 591 3259 B·
1143 3283 1198 3289 —
1227 3260 1343 3301 inter
1374 3258 1539 3301 Gelvos
1575 3264 1620 3301 et
1650 3259 1879 3301 Gibilanos
1912 3261 2009 3302 711.

173 3317 355 3360 'starum
382 3332 534 3374 pugne
565 3319 665 3361 220.
1142 3319 1214 3359 ——i
1243 3319 1526 3360 suscitatores
1557 3319 1655 3360 954.

110 3376 355 3432 aptismatis
384 3378 533 3419 unitas
563 3378 663 3420 380.
1142 3401 1197 3408 —
1229 3382 1275 3419 et
1304 3377 1518 3419 discordie
1550 3377 1814 3419 excitatores
1845 3378 1944 3419 594.

136 3435 345 3490 ptismum
410 3435 761 3491 preparatorium
833 3436 1052 3491 baptismo
1141 3449 1227 3477 -a
1242 3435 1409 3478 Cristus
1429 3436 1664 3490 prophetat
1684 3449 1780 3478 esse
1802 3436 1952 3477 futura
1971 3436 2019 3477 in
2037 3435 2127 3476 fine
2153 3439 2157 3442 ’

129 3492 258 3536 Cristi
287 3494 534 3537 ministrare
567 3495 665 3537 334.
1082 3490 1086 3495 ’
1199 3495 1337 3536 seculi
1368 3495 1467 3536 396.

69 3548 271 3607 Baptista
313 3553 583 3608 prenuncius
621 3551 750 3595 eristi
795 3553 1054 3595 eternaliter
1141 3577 1196 3583 —
1226 3566 1345 3609 papa
1373 3558 1586 3608 provocat
1616 3554 1714 3595 687.

93 3610 354 3654 ..ordinatus
385 3613 484 3655 334.
1142 3636 1196 3642 —
1227 3613 1392 3654 iniusta
1421 3611 1606 3653 fratrum
1638 3613 1708 3653 40.
