2528 4074
860 366 1163 408 GENERAL
1195 367 1416 407 INDEX.

110 514 296 614 Sp3e2a1re
326 513 538 555 debemus
557 513 604 554 in
622 512 799 567 propria
818 510 992 552 iusticia
1012 511 1095 552 rite

107 630 316 686 Speraret
334 643 466 672 nemo
483 629 539 672 de
555 628 676 670 nuda
690 627 896 670 oracione
912 627 1096 669 alterius

168 690 265 731 344.

32 724 43 762 ἵ
107 747 218 802 Spes
249 746 442 788 anchora
470 746 564 787 sive
593 744 720 786 radix
751 744 819 786 73.

16 809 50 849 ἴτ’.
108 806 209 848 —ei
238 806 386 847 unitas
416 817 512 846 esse
543 803 678 845 debet
707 803 806 845 380.

15 862 35 893 “-
109 878 238 906 —em
266 863 409 905 fidelis
438 862 572 904 debet
599 862 766 903 habere
796 862 895 903 575.

107 924 151 963 in
185 946 238 952 -
269 935 359 963 non
388 934 469 976 per
499 919 691 963 Cristum
719 923 937 962 vocantur
973 923 1094 962 secte

106 1040 151 1080 in
168 981 390 1080 35asecte
419 1042 579 1080 vocate
617 1042 721 1080 sunt
749 1050 830 1093 per
859 1050 989 1078 suum
1018 1049 1093 1092 pa·

163 1102 340 1139 tronum
371 1097 470 1138 381.

108 1160 233 1198 extra
264 1178 313 1185 -—
338 1154 556 1197 redeundi
575 1154 633 1196 ad
652 1158 820 1196 sectam
841 1153 971 1196 cristi
990 1157 1094 1195 sunt

164 1214 322 1255 fratres
355 1214 422 1256 73.

107 1272 253 1327 Spinis
289 1271 601 1328 temporalium
638 1270 943 1313 defunduntur
972 1276 1092 1313 secte

106 1332 355 1444 spirissfians
386 1401 494 1431 cura
522 1388 670 1439 anime
703 1389 799 1431 133.

107 1465 162 1476 ’-
195 1453 241 1490 et
270 1447 507 1503 corporalis
536 1447 699 1488 iniuria
730 1447 826 1489 133.

108 1529 160 1536 —
194 1506 432 1548 fornicacio
463 1520 565 1548 cum
595 1505 784 1560 dyabolo
818 1505 914 1548 135.

71 1603 84 1609 -
107 1588 160 1595 -
194 1565 432 1607 fornicacio
462 1569 684 1607 sectarum
715 1565 784 1608 40.

107 1647 161 1653 —
195 1623 432 1666 fornicacio
464 1625 533 1666 32.

108 1703 162 1712 —-
195 1682 371 1724 mechia
400 1696 502 1724 cum
532 1681 723 1736 dyabolo
743 1681 905 1724 multos
924 1681 1096 1724 seducit

171 1742 268 1783 135.

108 1823 162 1829 -
193 1798 425 1841 infirmitas
460 1812 551 1842 non
591 1804 659 1841 est
686 1799 962 1842 mendicacio
996 1799 1092 1842 189.

108 1882 161 1888 -
194 1858 509 1900 monachorum
539 1858 699 1900 occisio
733 1859 829 1901 134.

108 1941 160 1946 —
193 1917 450 1972 penitencia
486 1917 686 1959 consistit
713 1916 760 1958 in
789 1917 890 1959 odio
919 1917 1095 1972 peccati

166 1977 264 2018 512.

108 2057 161 2063 —
194 2034 353 2076 occisio
387 2035 490 2088 1293
525 2034 622 2076 130.

107 2093 208 2135 —le
238 2093 531 2135 ministerium
561 2094 631 2135 28.

108 2174 161 2180 —
194 2151 453 2208 suffragium
482 2152 668 2193 fratrum
698 2152 768 2194 47.

107 2233 161 2239 —
194 2210 455 2267 suffragium
486 2212 555 2253 39.

105 2291 160 2299 -
190 2269 403 2312 iuvamen
437 2270 532 2312 137.

106 2327 163 2368 ad
209 2328 356 2370 —lem
411 2327 700 2370 elemosinam
753 2327 920 2370 debent
965 2341 1092 2383 supe-

163 2386 304 2439 riores
339 2386 526 2429 ecclesie
556 2387 698 2443 magis
728 2386 960 2429 attendere
992 2388 1090 2430 310.

106 2445 229 2487 —les
272 2445 422 2487 hostes
467 2458 495 2487 a
537 2446 669 2488 sectis
717 2445 989 2488 inducuntur
1034 2446 1092 2487 ad

163 2503 515 2546 destruccionem
543 2517 784 2560 regnorum
813 2505 884 2548 42.

104 2562 150 2602 in
182 2562 301 2604 —lia
329 2563 556 2618 superiora
584 2562 751 2605 noticia
779 2563 998 2606 sensibilis
1027 2563 1091 2604 in-

164 2620 357 2663 troducit
386 2621 485 2663 243.

105 2679 293 2735 Spiritus
322 2684 502 2722 sanctus
531 2679 579 2721 in
614 2679 859 2722 viatoribus
896 2678 1093 2721 illabitur

106 2820 159 2827 -
206 2801 387 2839 sanctus
426 2797 482 2839 de
523 2797 682 2839 timore
726 2795 853 2838 filiali
896 2796 1093 2853 loquitur

105 2938 159 2945 —
192 2919 371 2957 sanctus
409 2914 605 2970 loquitur
641 2913 698 2956 de
734 2913 942 2956 fratribus
980 2914 1090 2956 indi·

163 2978 283 3016 recte
315 2974 383 3016 18.

105 3055 160 3062 -
192 3037 371 3074 sanctus
402 3036 470 3074 est
499 3031 660 3073 caritas
689 3031 764 3073 vel
793 3043 917 3074 amor
948 3032 1045 3074 161.
1088 3036 1091 3038 '

110 3115 158 3120 —
191 3095 371 3133 sanctus
407 3103 498 3132 non
533 3089 752 3132 inhabitat
789 3089 978 3133 effrenes
1016 3105 1090 3133 vo-

162 3149 390 3204 luptuosos
421 3149 491 3192 70.

107 3230 160 3236 —
192 3213 371 3250 sanctus
405 3207 603 3263 loquitur
640 3207 696 3250 de
727 3207 857 3250 sectis
885 3207 934 3249 in
961 3208 1091 3264 scrip·

163 3271 264 3308 tura
296 3267 349 3310 77
354 3298 365 3309 .
978 3281 985 3289 ·

107 3347 160 3354 -
193 3329 372 3367 sanctus
408 3337 579 3367 summe
615 3323 792 3380 sapiens
827 3329 873 3367 et
902 3324 1092 3382 diligens

164 3383 397 3426 ecclesiam
426 3382 731 3426 instruendam
770 3383 837 3426 17.

105 3464 159 3471 -
191 3446 370 3484 sanctus
400 3446 544 3484 sectas
571 3441 791 3498 ponderat
827 3443 896 3487 17.

103 3523 158 3532 -
211 3505 389 3543 sanctus
448 3501 826 3544 mendicacionem
888 3499 1093 3545 fidelibus

164 3559 355 3602 ostendit
388 3560 484 3602 190.

2067 373 2169 423 829

1186 510 1372 566 Spiritus
1417 517 1595 553 sanctus
1646 512 2025 556 mendicacionem
2082 529 2172 558 non

1244 570 1462 624 approbat
1495 570 1591 612 190.

1185 650 1239 656 -
1286 632 1465 669 sanctus
1510 628 1734 670 connectit
1777 634 1920 671 sectas
1966 636 2012 672 et
2058 632 2172 674 vicia

1242 686 1369 727 varia
1399 686 1468 727 23.

1183 766 1239 773 -
1272 747 1452 785 sanctus
1482 743 1609 785 deest
1637 744 1768 786 sectis
1800 745 1868 786 70.

1185 825 1239 832 -
1271 806 1450 843 sanctus
1481 807 1549 844 est
1576 802 1754 857 spiritus
1774 817 1907 858 super
1927 818 2080 846 omnes
2101 807 2170 848 34.

1185 884 1238 891 -——
1261 865 1439 902 sanctus
1459 875 1550 902 non
1571 861 1760 903 consulit
1780 862 1838 903 ad
1856 863 2172 918 prosperitates

1242 919 1490 960 mundanas
1522 920 1620 963 216.

1184 1000 1236 1007 -
1278 983 1456 1020 sanctus
1502 978 1609 1033 quid
1655 979 1864 1034 apostolis
1901 980 2173 1023 consuluerit

1183 1117 1236 1124 —
1270 1100 1449 1137 sanctus
1485 1094 1731 1138 notificavit
1766 1110 1846 1138 suo
1885 1098 2084 1152 apostolo
2116 1098 2171 1140 de

1240 1154 1370 1196 sectis
1404 1155 1471 1196 18.

1183 1234 1237 1242 —-
1258 1211 1387 1254 Cristi
1402 1213 1641 1254 maximam
1656 1213 1887 1255 caritatem
1902 1214 2059 1256 habuit
2074 1215 2172 1257 266.

1184 1294 1237 1299 --
1274 1271 1496 1326 malignus
1533 1285 1614 1327 per
1650 1272 1849 1314 membra
1886 1286 1968 1315 sua
2004 1273 2050 1314 in
2086 1279 2172 1315 tar-

1240 1330 1346 1370 taris
1375 1330 1540 1385 ligatus
1572 1332 1670 1372 392.

1182 1411 1238 1418 —-
1270 1401 1426 1429 carens
1458 1389 1666 1430 membris
1698 1390 1796 1431 392.

1184 1469 1237 1476 --
1269 1447 1394 1488 novit
1413 1451 1589 1502 tempus
1609 1447 1903 1489 millenarium
1928 1448 2075 1502 quoad
2094 1462 2170 1490 no—

1243 1505 1459 1547 bilitatem
1492 1506 1590 1548 392.

1184 1587 1238 1593 —
1271 1564 1411 1606 sancti
1442 1577 1566 1606 arma
1596 1566 1695 1607 218.

1185 1646 1236 1652 —
1270 1623 1371 1664 falsi
1401 1623 1653 1665 dimittendi
1682 1628 1786 1666 sunt
1814 1628 2043 1679 tamquam
2065 1623 2170 1678 dya-

1241 1682 1329 1723 boli
1364 1683 1461 1724 150.

1183 1763 1238 1770 -
1257 1741 1450 1796 angelici
1458 1740 1705 1782 confirmati
1719 1740 1766 1782 in
1781 1740 2060 1783 beatitudine
2071 1742 2170 1783 147.

1183 1821 1238 1828 -
1269 1799 1316 1840 in
1346 1799 1520 1841 inferno
1551 1800 1751 1855 sepultus
1772 1799 2043 1842 mendicavit
2072 1801 2170 1842 366.

1118 1902 1121 1907 ,
1185 1881 1239 1886 -—
1270 1858 1555 1914 coniungitur
1586 1858 1712 1900 donis
1743 1858 1816 1900 dei
1845 1859 1945 1902 213.

1183 1938 1238 1945 —
1271 1916 1539 1959 dormientes
1572 1918 1668 1960 149.

1183 1997 1238 2005 —
1271 1976 1433 2017 mortui
1448 1976 1593 2018 securi
1610 1976 1665 2018 de
1681 1989 1763 2017 sua
1776 1975 2056 2018 beatitudine
2075 1976 2172 2018 149.

1184 2057 1237 2063 —-
1270 2034 1347 2090 qui
1377 2048 1478 2076 cum
1507 2035 1694 2077 lucifero
1725 2035 1984 2077 ceciderunt
2016 2035 2112 2077 123.

1184 2116 1237 2122 —
1270 2093 1474 2135 salvandi
1505 2098 1608 2136 sunt
1626 2098 1727 2149 post
1745 2098 1933 2136 mortem
1953 2093 2172 2136 feliciores

1184 2233 1238 2239 —
1270 2210 1553 2266 propheticus
1582 2211 1713 2253 Pauli
1750 2213 1818 2253 18.

1184 2291 1235 2298 —-
1271 2269 1443 2311 consilii
1475 2274 1542 2312 est
1569 2271 1757 2312 tercium
1779 2270 1945 2312 donum
1967 2269 2040 2311 dei
2070 2270 2168 2311 213.

1183 2350 1238 2357 -
1269 2327 1491 2370 infinitum
1522 2329 1679 2371 melior
1709 2343 1890 2384 corpore
1925 2330 2022 2371 133.

1180 2408 1236 2416 —
1268 2387 1522 2430 intellectus
1551 2388 1797 2430 secundum
1828 2387 1992 2430 donum
2014 2387 2174 2428 dicitur

1183 2528 1236 2533 -—
1269 2506 1554 2547 tenebrarum
1581 2505 1814 2547 consilium
1833 2505 2043 2560 prosequi
2073 2505 2172 2546 214.

1182 2586 1236 2591 *-
1275 2577 1356 2618 per
1400 2577 1448 2606 se
1495 2563 1638 2605 dictus
1682 2564 1946 2620 intelligitur
1984 2563 2171 2619 Spiritus

1239 2627 1418 2664 sanctus
1449 2623 1518 2664 34.

1181 2706 1235 2712 —
1268 2681 1411 2722 sancti
1442 2681 1665 2736 exposicio
1699 2683 1766 2724 75.

1181 2762 1235 2768 -
1268 2740 1411 2781 sancti
1439 2739 1650 2781 fortitudo
1682 2741 1781 2782 219.

1180 2821 1233 2827 —-
1267 2798 1409 2840 sancti
1439 2798 1556 2840 dona
1587 2798 1695 2854 quid
1725 2803 1828 2840 sunt
1859 2799 1958 2840 208.

1179 2879 1235 2886 —
1267 2857 1409 2899 sancti
1439 2857 1685 2899 clemencia
1714 2870 1880 2913 magna
1911 2858 2009 2898 214.

1184 2942 1229 2948 —
1266 2916 1408 2958 sancti
1436 2916 1668 2958 consilium
1700 2921 1745 2958 et
1778 2920 2039 2971 preceptum
2070 2915 2169 2957 216.

1180 2998 1234 3005 —
1273 2975 1415 3016 sancti
1460 2975 1625 3016 donum
1671 2980 1878 3030 quartum
1924 2979 1991 3016 est
2034 2974 2171 3016 animi

1238 3033 1450 3075 fortitudo
1483 3034 1582 3075 216.

1179 3114 1236 3121 —
1267 3092 1409 3133 sancti
1437 3095 1608 3146 septem
1639 3091 1758 3134 dona
1782 3091 2011 3134 sufficiunt
2040 3092 2138 3135 209.

1179 3173 1234 3180 --
1267 3150 1409 3192 sancti
1437 3151 1625 3192 verbum
1656 3150 1861 3193 deserere
1895 3152 1992 3193 186.

1178 3214 1278 3264 post
1317 3232 1371 3239 —
1409 3209 1552 3251 sancti
1595 3210 1850 3252 missionem
1889 3209 2055 3252 Gristus
2090 3222 2171 3265 per

1238 3281 1286 3309 se
1317 3267 1492 3310 suffecit
1524 3268 1623 3311 257.

1181 3326 1304 3368 —tui
1320 3331 1472 3368 sancto
1489 3327 2060 3383 appropriaturbenignitas
2068 3328 2166 3369 424.

1181 3391 1332 3426 —tum
1363 3390 1567 3427 sanctum
1598 3386 1804 3429 deserere
1835 3387 1934 3428 214.

1183 3467 1237 3474 --
1269 3448 1470 3486 sanctum
1501 3458 1592 3487 non
1622 3445 1790 3488 habent
1819 3449 1940 3487 secte
1974 3446 2042 3487 70.

1181 3502 1238 3543 ad
1270 3525 1324 3533 —
1356 3507 1559 3545 sanctum
1590 3504 1809 3546 credimus
1841 3504 1940 3546 418.

1181 3566 1288 3602 —tu
1318 3562 1396 3603 wlt
1423 3567 1577 3605 auctor
1597 3563 1757 3618 agitari
1778 3567 1823 3604 et
1842 3562 2002 3618 corrigi
2019 3563 2117 3604 287.
