2528 4074
140 428 233 466 cap.
266 409 318 465 1]
460 410 553 450 DE
582 405 1110 448 CONTRARIETATE
1135 406 1312 445 DUOR
1324 407 1416 446 ΠΜ
1442 406 1743 445 DOMINOR
1755 407 1855 447 ΠΜ.
2070 412 2172 459 699

141 561 331 612 multos
368 559 598 610 fautores
637 562 689 606 et
724 571 818 621 per
844 568 1162 618 consequens
1187 550 1423 602 membra
1455 552 1708 603 anticristi
1746 551 2055 617 multiplicia
2092 553 2179 604 vel

138 654 388 699 tenentes,
713 694 716 698 .

284 734 493 784 Dicitur
545 737 720 781 autem
773 727 1069 779 anticristus
1130 745 1196 778 ex
1251 726 1444 793 triplici
1506 725 1891 792 significacione
1952 725 2174 776 famosa:

138 822 304 889 primo
357 837 450 886 pro
504 817 718 884 capitali
772 814 1013 883 dyabolo,
1070 816 1158 883 qui
1211 815 1398 866 sathan
1451 814 1641 864 dicitur
1695 814 1803 865 sive
1850 814 2057 873 lucifer,
2114 814 2179 864 de

96 922 120 959 5
139 926 340 960 summa
376 906 632 957 ierarchia
671 905 862 966 celesti,
902 905 957 954 in
994 903 1230 954 bonitate
1267 910 1453 954 nature
1500 903 1777 968 precipuus
1822 903 1957 952 inter
2002 920 2180 952 omnes

138 996 403 1064 dyabolos,
445 994 532 1062 qui
571 1012 638 1045 ex
675 992 920 1060 superbia
958 991 1273 1043 ceciderunt.
1346 990 1418 1041 Et
1456 991 1590 1042 sicut
1627 990 1754 1041 deus
1792 990 1955 1041 habet
1990 990 2044 1040 in
2082 997 2180 1040 ter-

135 1085 204 1135 ris
252 1083 631 1134 humanitatem
672 1080 828 1132 Cristi
880 1099 1030 1131 suum
1079 1097 1260 1131 verum
1314 1079 1589 1140 vicarium,
1647 1079 1719 1129 sic
1773 1080 1870 1129 iste
1924 1077 2180 1145 dyabolus

134 1171 295 1223 habet
331 1171 385 1221 in
430 1170 580 1221 terris
619 1187 768 1221 suum
807 1169 1083 1230 vicarium,
1141 1168 1229 1236 qui
1282 1167 1350 1218 ad
1404 1167 1690 1217 secundum
1746 1184 1951 1217 sensum
1992 1167 2182 1216 dicitur

51 1299 54 1302 -
136 1259 446 1310 anticristus.
525 1257 708 1308 Tercio
747 1275 870 1309 vero
917 1257 1071 1308 modo
1119 1263 1291 1323 potest
1336 1255 1682 1323 quodcunque
1727 1253 2018 1305 membrum
2058 1254 2181 1320 dya-

0 1376 2 1392 ÷
63 1359 120 1397 10
135 1347 242 1397 boli
282 1346 386 1396 dici
425 1345 681 1413 dyabolus
720 1363 782 1396 ac
822 1345 986 1396 eciam
1026 1345 1339 1395 anticristus.
1406 1342 1554 1394 Sicut
1593 1343 1730 1393 enim
1765 1341 2000 1393 membra
2026 1341 2183 1392 Cristi

137 1435 380 1485 dicuntur
405 1434 761 1500 nuncupative
786 1440 998 1501 propter
1022 1431 1465 1483 inhabitacionem
1502 1438 1554 1482 et
1580 1430 1996 1482 conformitatem
2023 1430 2183 1480 animi

113 1523 243 1589 ‚ipse
283 1521 507 1584 CristUS,
564 1523 638 1573 sic
675 1522 911 1573 membra
957 1521 1170 1590 dyaboli
1206 1527 1419 1587 propter
1466 1519 1899 1570 assimilacionem
1939 1518 2184 1568 dicuntur

0 1671 56 1685 ‚..
135 1609 390 1677 dyabolus
429 1627 490 1661 ac
530 1610 696 1661 eciam
745 1610 1057 1662 anticristus.
1137 1609 1223 1661 Sic
1280 1609 1417 1660 enim
1464 1608 1658 1660 veritas
1705 1608 1769 1658 de
1806 1607 1942 1658 Iuda
1981 1606 2182 1658 Scario-

0 1691 91 1758 a?
132 1699 235 1750 this
273 1699 522 1766 loquitur:
565 1717 736 1749 nonne
764 1717 860 1765 ego
888 1699 1163 1749 duodecim
1189 1715 1282 1749 vos
1323 1697 1472 1761 elegi,
1515 1703 1567 1747 et
1592 1714 1726 1746 unus
1765 1714 1831 1746 ex
1869 1695 2018 1746 vobis
2057 1695 2181 1761 dya-

0 1777 5 1839 3³
47 1804 114 1859 715
131 1787 282 1838 bolus
321 1794 415 1850 est,
454 1786 567 1837 Ioh.
600 1788 693 1838 612⁰
739 1786 812 1837 Et
848 1787 876 1836 Ι
914 1786 1035 1838 Joh.
1079 1790 1108 1836 2
1150 1780 1444 1837 scribiturd:
1494 1785 1567 1834 Et
1614 1785 1748 1834 sicut
1786 1784 2018 1844 audistis,
2061 1784 2182 1851 quia

0 1883 2 1886 ’
132 1875 427 1926 anticristus
466 1876 636 1937 venit,
677 1893 817 1926 nunc
857 1875 1111 1925 anticristi
1149 1874 1301 1924 multi
1338 1873 1466 1924 facti
1506 1880 1641 1923 sunt.

274 1963 349 2014 Et
387 1964 671 2015 concordat
706 1963 1073 2030 interpretacio
1123 1981 1241 2013 cum
1287 1963 1387 2013 ista
1435 1962 1716 2012 sentencia.
1794 1961 2004 2011 Dicitur
2042 1961 2177 2010 enim

131 2052 425 2103 anticristus
466 2051 533 2102 ab
574 2052 705 2113 anti,
749 2052 888 2119 quod
927 2059 1004 2102 est
1042 2058 1236 2113 contra,
1279 2058 1331 2101 et
1370 2049 1591 2111 Cristus,
1653 2050 1800 2116 quasi
1850 2055 2030 2099 contra
2070 2046 2181 2097 Cri-

33 2205 39 2215 ·
132 2148 283 2202 stum,
326 2140 459 2190 sicut
498 2147 702 2207 oportet
739 2158 850 2191 esse
890 2158 1041 2191 omne
1079 2139 1371 2190 membrum
1399 2138 1628 2205 dyaboli.
1706 2137 1864 2188 Unde
1902 2137 1929 2186 I
1961 2137 2082 2188 Joh.
2116 2140 2180 2187 4⁶

0 2215 116 2300 {20
132 2229 203 2280 sic
243 2228 505 2279 scribitur:
556 2229 722 2279 omnis
775 2229 998 2295 spiritus,
1043 2229 1130 2296 qui
1184 2228 1340 2279 solvit
1376 2227 1565 2288 Iesum,
1597 2232 1616 2286 ΙΙ
1646 2244 1712 2277 ex
1766 2226 1862 2276 deo
1915 2244 2020 2275 non
2076 2233 2472 2287 est;1{A⁸hs0z.43²¹

0 2299 61 2388 ’ξ
132 2324 184 2367 et
220 2317 304 2367 hic
345 2324 424 2367 est
461 2317 774 2379 anticristus,
817 2317 881 2367 de
920 2334 1021 2383 quo
1062 2316 1293 2377 audistis,
1336 2312 1578 2383 quoniam
1627 2315 1772 2366 venit
1810 2321 1862 2364 et
1900 2331 2037 2363 nunc
2076 2314 2180 2363 iam

0 2445 46 2506 ⁹}
129 2405 184 2454 in
213 2405 416 2455 mundo
456 2412 548 2455 est.

0 2599 55 2658 ἑὲ
1029 2612 1175 2661 GAP.
1217 2611 1284 2660 Η.

0 2667 66 2826 ἒ(
280 2757 385 2809 Sed
434 2759 555 2825 quia
608 2759 906 2810 anticristus
959 2777 1064 2810 non
1117 2766 1288 2825 potest
1325 2759 1498 2809 Iesum
1540 2757 1767 2810 Cristum
1815 2759 1988 2826 quoad
2036 2777 2181 2809 suam

32 2894 47 2918 .,
131 2847 394 2912 propriam
433 2845 788 2898 substanciam
835 2847 1168 2914 impugnare,
1224 2847 1407 2898 nititur
1445 2855 1627 2898 contra
1665 2847 1894 2898 Cristum
1932 2848 1985 2897 in
2024 2866 2182 2898 mem-

60 2939 115 2981 25
131 2933 237 2985 bris
275 2935 380 2985 suis
419 2952 589 3001 agere,
631 2952 731 3003 que
769 2942 891 2986 sunt
926 2942 1103 3001 partes
1142 2935 1374 2998 ecclesie,
1417 2943 1469 2987 et
1505 2937 1559 2987 in
1598 2936 1730 3002 lege.

277 3022 414 3073 Nam
453 3023 508 3073 in
545 3024 646 3074 ista
684 3024 812 3074 hora
849 3024 1131 3075 novissima
1161 3031 1282 3075 sunt
1306 3025 1457 3076 multi
1484 3025 1739 3076 anticristi
1776 3025 1946 3090 legem
1987 3025 2182 3075 domini

28 3186 34 3191 -
131 3111 515 3177 impugnantes,
556 3118 615 3162 ut
651 3111 726 3162 hii
766 3111 1148 3178 blasphemant,
1192 3114 1329 3181 quod
1368 3114 1456 3164 lex
1495 3114 1748 3179 scripture
1788 3120 1866 3163 est
1903 3113 2182 3164 falsissima

0 3214 6 3223 ⁸
30 3193 49 3252 ἶ
131 3198 219 3249 lex
257 3200 312 3249 in
349 3200 561 3251 mundo.
614 3200 687 3251 Et
723 3200 822 3251 hoc
848 3201 1178 3253 machinatus
1205 3209 1282 3252 est
1308 3201 1579 3269 dyabolus,
1621 3209 1681 3252 ut
1710 3202 1893 3267 regula
1922 3202 2182 3253 catholica

0 3316 8 3335 l·
36 3297 45 3365 J
131 3287 185 3337 in
224 3288 536 3338 auctoritate
574 3294 626 3338 et
664 3305 840 3339 amore
879 3288 1089 3340 deficiat
1127 3290 1398 3341 cristianis.
1476 3290 1615 3341 Nam
1657 3291 1698 3340 si
1736 3290 1824 3340 lex
1864 3290 2182 3356 ewangelica

0 3370 116 3418 {430
132 3376 198 3426 sit
234 3376 307 3426 sic
345 3375 494 3438 falsa,
535 3376 740 3428 viantes
777 3377 1087 3428 naturaliter
1123 3378 1290 3444 ipsam
1338 3385 1556 3444 negant,
1614 3378 1797 3428 odiunt
1842 3385 1894 3428 et
1932 3396 2026 3444 per
2063 3396 2181 3428 con-

132 3481 350 3532 sequens
390 3466 752 3517 auctoritatem
793 3465 903 3515 eius
940 3466 994 3515 in
1034 3483 1124 3516 suo
1164 3467 1415 3532 regimine
1454 3467 1603 3533 parvi
1642 3466 1895 3532 pendunt.

0 2829 51 2888 J?

0 2930 57 3102 J}

0 3104 55 3189 *23*

498 3644 658 3682 cv.'70
776 3637 944 3683 dv.12‘3
1062 3644 1192 3684 eta-3
