2528 4074
146 456 236 495 cap.
275 437 367 495 VI]
467 440 560 480 DE
589 437 1029 487 CONTRARIETA
1037 437 1117 476 TE
1143 438 1189 476 D
1200 438 1320 477 UOR
1332 439 1426 478 U.LM
1451 439 1750 478 DOMINOR
1763 440 1863 479 ΠΜ.
2075 446 2102 491 7
2111 445 2176 492 05

67 607 84 615 ‘
143 588 273 639 tales
311 586 514 637 ordines
549 590 913 650 peccaverunt,
954 583 1039 634 vel
1081 582 1220 649 quod
1257 583 1354 633 iste
1393 591 1532 634 secte
1573 583 1638 633 ab
1678 583 2010 633 institucione
2049 602 2180 650 pura

63 735 67 739 .
144 673 348 734 domini,
390 689 545 738 quam
574 670 780 736 patroni
807 670 1105 730 docuerant,
1146 670 1416 735 paulative
1445 670 1730 720 secundum
1759 670 1897 736 quod
1924 670 2180 736 dyabolus

144 779 228 813 eos
263 760 616 824 instigaverat,
657 764 975 808 erraverunt.

283 847 429 896 Doce
466 852 546 906 tu,
602 845 645 895 si
682 844 915 906 sciveriS,
966 845 1104 912 quod
1151 844 1238 895 isti
1275 845 1483 911 patroni
1528 845 1583 894 in
1621 846 1720 895 isto
1771 844 1934 895 secuti
1972 844 2182 896 fuerant

100 935 402 986 5dominum
439 932 614 982 Iesum
653 930 903 994 Cristum,
961 940 1012 983 et
1058 933 1243 983 docere
1288 940 1437 998 potes
1475 932 1701 983 faciliter
1738 933 1835 982 hoc
1868 933 2177 994 secundum;

139 1040 233 1073 nec
270 1020 499 1087 sequitur
534 1020 702 1071 maius
739 1020 1126 1081 inconveniens,
1169 1020 1307 1086 quod
1345 1020 1429 1070 isti
1462 1021 1670 1086 patroni
1708 1020 1877 1086 ignari
1916 1026 1968 1070 et
2005 1021 2181 1071 stolidi

140 1090 461 1169 erraverunt,
519 1124 675 1174 quam
728 1107 866 1174 quod
903 1107 1089 1158 Petrus
1145 1115 1197 1158 et
1241 1108 1399 1158 ceteri
1448 1108 1670 1173 apostoli
1717 1125 1748 1158 a
1781 1108 1963 1158 maiori
2002 1110 2181 1175 gracia

140 1197 446 1249 ceciderunt.
1473 1203 1475 1205 ’

279 1282 435 1334 Unde
472 1282 694 1344 videtur,
737 1283 875 1349 quod
912 1301 1016 1334 non
1055 1283 1122 1333 sit
1158 1283 1336 1348 pocior
1375 1283 1668 1345 evidencia,
1720 1284 1859 1351 quod
1903 1283 2001 1334 iste
2039 1291 2179 1335 secte

70 1383 123 1422 10
136 1373 189 1423 in
225 1370 500 1422 sanctitate
539 1379 787 1436 superant
824 1379 1018 1422 sectam
1060 1369 1231 1432 Cristi,
1273 1371 1372 1420 nisi
1411 1371 1532 1438 quia
1577 1371 1631 1420 in
1678 1371 1923 1436 largitate
1969 1371 2180 1423 habitus

136 1459 380 1527 ypocrisis
421 1465 500 1508 est
537 1458 723 1509 celata.

275 1547 349 1597 Et
386 1546 458 1597 sic
499 1545 754 1612 dyabolus
791 1564 885 1612 per
921 1547 1016 1597 has
1057 1553 1226 1597 sectas
1253 1546 1490 1597 novellas
1529 1564 1778 1613 personas
1816 1547 1871 1596 in
1908 1546 2013 1597 illis
2053 1546 2179 1597 obli-

133 1642 279 1702 gatas
317 1634 386 1684 ad
423 1640 622 1685 tartara
658 1633 1011 1685 insensibilius
1064 1641 1115 1684 et
1162 1634 1475 1685 cautelosius
1522 1635 1820 1685 introducit.
1898 1633 2057 1685 Unde
2105 1634 2178 1684 in-

64 1708 78 1715 ‘
133 1723 275 1773 clusa
311 1722 506 1772 heresis
543 1722 598 1772 in
634 1722 747 1773 istis
784 1721 1124 1788 religionibus
1164 1739 1230 1772 ex
1267 1718 1578 1772 necessitate
1625 1722 1833 1772 malicie
1880 1740 2178 1789 prorumpe-

67 1819 116 1859 15
130 1810 234 1871 bat,
274 1809 481 1877 quando
520 1810 986 1876 magnificaverant
1022 1811 1150 1861 istas
1192 1817 1359 1860 sectas
1399 1827 1555 1876 supra
1595 1818 1790 1860 sectam
1831 1810 2027 1860 domini
2057 1810 2179 1861 Iesu

132 1897 305 1959 cristi,
360 1915 422 1948 ac
462 1898 505 1948 si
540 1898 839 1959 innuerent,
897 1897 1034 1964 quod
1072 1897 1162 1948 ille
1201 1905 1450 1963 patronus
1489 1897 1648 1948 fuerit
1685 1898 1927 1960 stolidus,
1970 1899 2062 1949 sed
2101 1899 2182 1950 sui
2201 1934 2206 1945 „

130 1986 346 2052 patroni,
386 1985 511 2035 licet
546 1986 775 2052 ydiotici,
815 1986 869 2036 in
907 1986 1005 2036 hoc
1045 1986 1254 2035 fuerant
1291 1986 1445 2051 periti
1484 1993 1536 2036 et
1574 1987 1756 2036 sancti.
2103 2037 2106 2040 .

271 2073 359 2123 Ex
397 2072 592 2124 talibus
630 2073 813 2124 mediis
859 2074 943 2124 hic
982 2073 1215 2124 breviter
1252 2074 1527 2124 inculcatis
1573 2081 1747 2139 potest
1783 2075 1951 2125 fidelis
1993 2092 2178 2140 capere

131 2161 451 2213 evidenciam
499 2161 568 2212 ad
604 2161 1047 2227 magnificandum
1088 2168 1283 2212 sectam
1324 2160 1495 2223 Cristi,
1548 2162 1615 2212 ad
1656 2180 1811 2229 quam
1852 2163 2177 2214 evidenciam

60 2257 116 2298 20
130 2266 304 2300 omnes
355 2249 721 2315 nigromantici
772 2249 1013 2300 nesciunt
1066 2250 1394 2315 respondere.
1472 2248 1671 2300 Fidelis
1720 2267 1841 2316 ergo
1890 2268 1956 2301 ex
2003 2268 2178 2301 amore

130 2337 197 2388 ad
235 2336 461 2388 Cristum
499 2338 648 2388 iuxta
692 2337 847 2388 fidem
895 2337 1208 2387 catholicam
1238 2344 1255 2396 11
1283 2337 1452 2403 ipsum
1502 2338 1777 2388 extolleret
1825 2356 1983 2404 supra
2022 2339 2177 2404 ipsos.
2204 2345 2473 2389 [JAshsomea

1015 2543 1099 2592 CA
1104 2544 1160 2592 Ρ.
1215 2543 1295 2592 VI.

270 2689 455 2740 Restat
491 2690 670 2742 videre
708 2688 940 2740 obiectus
975 2689 1243 2756 quosdam,
1286 2707 1413 2756 quos
1454 2689 1617 2740 frater
1644 2689 1856 2756 quidam
1883 2690 2177 2756 nigroman-

126 2777 257 2828 ticus
293 2777 423 2828 facit
461 2785 642 2828 contra
677 2784 781 2828 tres
819 2786 994 2843 partes
1036 2777 1254 2827 ecclesie
1292 2777 1581 2839 militantis,
1626 2777 1826 2828 scilicet
1853 2777 2174 2841 clericorum,

127 2865 436 2916 secularium
475 2865 800 2916 dominorum
839 2873 891 2916 et
927 2865 1200 2931 wlgarium
1238 2864 1616 2915 laborantum.⁰⁶

57 2965 111 3007 25
269 2952 488 3014 Divisio,
544 2953 736 3020 inquit,
790 2954 892 3004 ista
933 2960 1011 3004 est
1047 2952 1388 3014 insufficiens,
1447 2970 1564 3003 cum
1610 2953 1803 3003 femine
1843 2962 1964 3004 sunt
2001 2963 2177 3020 partes

128 3040 342 3092 ecclesie
382 3047 434 3091 et
470 3041 583 3108 ipse
619 3059 725 3092 non
764 3049 885 3092 sunt
922 3041 1100 3108 aliqua
1138 3040 1355 3091 istarum
1393 3040 1549 3091 trium
1588 3041 1840 3107 parcium.
1885 3073 1956 3079 -—

272 3127 378 3179 Sed
402 3129 487 3179 hic
514 3115 748 3195 suppono
773 3130 894 3180 huic
921 3114 1300 3195 nigromantico
1333 3129 1488 3179 fidem
1520 3129 1773 3195 scripture
1802 3136 1854 3179 et
1880 3130 1990 3180 eius
2016 3138 2176 3181 meta-

126 3215 410 3282 physicam,
434 3233 532 3283 que
557 3217 612 3266 in
639 3216 928 3268 subtilitate
956 3224 1008 3267 et
1033 3216 1262 3266 utilitate
1289 3222 1367 3266 est
1393 3233 1550 3282 supra
1577 3234 1724 3267 suam
1745 3217 2173 3283 nigromanciam.

127 3301 198 3353 Et
231 3310 356 3354 tunc
397 3304 625 3354 concedo
663 3304 1037 3355 sufficienciam
1075 3303 1342 3354 divisionis
1375 3304 1610 3368 predicte
1638 3304 1856 3355 ecclesie
1882 3305 2173 3368 militantiS,

57 3404 113 3445 30
129 3397 180 3441 et
216 3391 444 3442 concedo
484 3390 582 3442 sibi
619 3391 850 3453 ulterius,
893 3391 1031 3459 quod
1069 3391 1260 3440 femine
1299 3397 1420 3440 sunt
1456 3399 1632 3457 partes
1673 3392 1904 3443 eiusdem
1940 3393 2173 3455 ecclesie,

128 3479 264 3545 quod
299 3479 475 3529 nescio
523 3479 610 3530 vel
656 3479 1005 3545 perfunctorie
1058 3478 1280 3528 fundare
1336 3478 1400 3528 de
1438 3478 1709 3540 fratribus,
1766 3497 1885 3546 ymo
1940 3481 1983 3531 si
2030 3481 2178 3532 novit

494 3655 623 3695 CAP.
663 3654 743 3694 VI.
803 3657 822 3675 α
863 3654 976 3695 With
1006 3655 1087 3708 ref.
1122 3658 1163 3695 to
1195 3653 1289 3699 this,
1321 3667 1384 3706 cp.
1417 3654 1541 3694 above
1564 3667 1611 3706 p.
1646 3658 1729 3695 654

219 3738 350 3780 WicLis,
375 3738 573 3772 Polemical
600 3738 738 3773 Works.
1752 3728 1808 3768 45
