2528 4074
133 591 432 636 Millonarium
452 597 627 647 tempus
641 591 766 634 novit
778 591 956 646 spiritus
971 591 1119 647 quoad

84 655 85 659 ’
191 650 468 692 nobilitatem
498 650 596 692 392.

72 711 94 746 ’-
136 708 284 751 —ario
299 721 389 750 non
405 707 630 763 quantitas
640 707 850 763 temporis
858 703 1118 764 desig-natur

133 767 289 868 ingl}
325 804 519 866 secundo
564 823 719 866 vivent
745 832 962 879 prospere
1007 823 1118 865 mili-

87 882 90 883 ’
189 887 335 925 tantes
365 882 463 925 397.

79 955 90 983 1
131 942 302 985 Minore
333 940 555 982 mendacii
584 941 683 983 351.

75 1022 89 1051 χ
132 999 426 1042 Ministerium
455 999 684 1054 spirituale
715 999 785 1042 28.

76 1080 78 1086 v
132 1082 192 1090 —
219 1057 386 1100 humile
419 1058 516 1100 101.

134 1140 188 1149 -
217 1115 497 1159 sacerdotum
529 1117 625 1159 193.

132 1199 188 1207 —
207 1175 391 1217 fratrum
406 1179 584 1230 propter
598 1175 879 1230 personalem
893 1175 1118 1231 accepcio-

189 1246 292 1276 nem
327 1233 398 1276 56.

134 1316 187 1325 -—
217 1292 301 1335 sibi
320 1291 538 1334 creditum
558 1292 832 1334 obliviscitur
851 1292 996 1334 clerus
1017 1294 1116 1334 245.

90 1372 94 1392 ς
133 1351 243 1392 —rii
272 1350 476 1392 ociositas
507 1354 553 1392 et
581 1351 862 1406 superfluitas
894 1351 991 1393 197.

94 1419 110 1425 ⁶
131 1409 403 1452 Ministracio
419 1409 752 1451 sacramentalis
759 1409 1117 1465 pseudofratrum

92 1507 98 1518 .
189 1467 322 1510 deum
352 1472 564 1523 provocat
593 1467 651 1510 ad
680 1468 925 1510 vindictam
957 1469 1055 1511 607.

106 1526 382 1578 ‚Ministrare
412 1531 599 1582 possunt
627 1526 785 1568 fratres
814 1527 954 1569 libere
986 1527 1085 1570 513.

132 1609 187 1616 -
217 1585 384 1627 cibaria
414 1585 602 1639 ecclesie
635 1585 732 1628 142.

129 1644 324 1686 Minores
352 1644 498 1699 parati
523 1647 626 1686 sunt
646 1657 799 1686 omnes
819 1648 964 1686 sectas
983 1643 1118 1686 susci—

80 1707 82 1709 ’
190 1715 296 1758 pere
328 1704 398 1745 59.

87 1774 286 1803 x—rum
315 1766 438 1804 secta
467 1761 644 1804 excedit
671 1761 892 1816 reliquam
923 1763 992 1804 58.

90 1859 91 1863 ,
131 1819 187 1862 de
208 1833 312 1862 —re
333 1833 483 1862 amore
505 1819 700 1862 cristiani
720 1833 829 1876 erga
850 1820 983 1862 deum
1004 1820 1118 1862 falsa

187 1878 336 1934 opinio
369 1880 465 1921 125.

3 1967 5 1974 2
75 1990 78 1994 .
129 1937 366 1979 Minuatim
403 1942 522 1979 secte
561 1938 678 1980 bona
717 1937 772 1979 de
813 1938 968 1994 egenis
999 1937 1117 1980 colli-

187 2000 300 2052 gunt
329 1997 429 2039 253.

129 2055 327 2097 Minucie
357 2054 543 2097 collecte
573 2055 620 2096 in
650 2055 878 2098 cumulum
911 2057 1008 2098 194.

84 2151 86 2154 ,
131 2114 279 2156 —cias
310 2113 564 2156 mendicare
597 2115 694 2157 195.

4 2161 6 2197 j
82 2198 84 2203 ·
128 2172 356 2215 Mirabiles
404 2173 638 2215 sanctitate
684 2177 787 2216 sunt
829 2186 1018 2229 persone
1064 2186 1120 2233 ex

80 2263 82 2265 »
188 2231 319 2274 sectis
351 2233 420 2274 66.

81 2295 82 2298 ’
131 2290 252 2332 —lia
280 2290 479 2345 perfecta
509 2303 537 2332 a
566 2290 696 2332 sectis
732 2292 826 2334 176.

84 2391 86 2394 ,
131 2349 399 2391 Miraculum
428 2348 479 2391 fit
507 2349 701 2391 cadaver
730 2354 953 2392 mortuum
983 2351 1083 2392 250.

78 2423 81 2459 l
133 2431 187 2438 --
217 2407 268 2450 fit
296 2420 378 2463 per
406 2407 647 2462 dyabolum
677 2409 777 2451 250.

133 2466 236 2508 —la
265 2466 484 2521 dyabolus
513 2466 662 2509 facere
691 2471 839 2522 potest
870 2468 967 2510 176.

131 2549 188 2556 -
217 2530 379 2568 vocata
407 2530 629 2568 sectarum
663 2526 759 2569 176.

133 2607 187 2614 —-
219 2584 471 2640 respuenda
501 2589 604 2627 sunt
634 2585 733 2628 250.

133 2666 188 2673 —
218 2643 366 2685 facere
395 2648 638 2698 potuerunt
667 2643 857 2699 apostoli
887 2644 986 2686 618.

135 2725 186 2731 -
219 2715 310 2744 non
340 2702 510 2744 faciunt
538 2701 674 2745 fidem
708 2702 806 2745 176.

130 2773 212 2816 per
261 2785 316 2791 —
369 2760 536 2803 Oristus
584 2760 813 2803 residuum
862 2761 932 2803 sui
975 2762 1120 2804 victus

87 2868 89 2870 ,
127 2869 132 2874 ,
191 2819 475 2875 exsupplevit
505 2821 605 2862 245.

133 2878 223 2920 —li
250 2878 510 2934 frequencia
540 2883 608 2921 est
637 2891 693 2921 ex
712 2878 920 2922 illusione
942 2879 1122 2934 dyaboli

79 2996 83 3004 ’
132 2995 244 3038 -lis
273 2996 530 3038 claruerunt
558 2996 701 3038 sancti
721 2995 777 3038 de
798 2995 1026 3039 ordinibus
1046 2996 1121 3040 do-

190 3054 293 3097 tatis
324 3056 424 3098 250.

8 3155 19 3174 j
110 3112 382 3156 'Misericors
413 3118 459 3156 et
477 3113 577 3169 pius
598 3113 767 3156 Gristus
786 3118 1000 3168 patronus
1023 3115 1132 3157 140.-

12 3180 19 3225 ζ
84 3220 89 3227 .
131 3171 290 3214 Missas
319 3177 365 3215 et
393 3172 586 3228 psalmos
617 3172 765 3215 dicere
797 3173 895 3215 536.

7 3243 20 3260 ⁴
82 3259 83 3262 =
137 3253 184 3260 —-
218 3230 411 3274 libenter
439 3231 629 3274 audiunt
657 3231 854 3287 episcopi
882 3232 982 3274 262.

131 3288 283 3332 Missio
313 3291 504 3346 pecunie
535 3289 594 3332 ad
623 3295 800 3333 exteras
828 3294 978 3346 partes
1007 3291 1120 3334 fr'uc-

189 3353 285 3390 tum
314 3350 482 3391 bonum
511 3362 602 3391 non
630 3349 767 3392 habet
796 3350 896 3392 271.

132 3405 358 3450 Misticum
388 3421 548 3463 corpus
579 3407 766 3451 ecclesie
797 3413 864 3450 est
883 3408 1120 3452 multitudo

89 3502 91 3507 ,
191 3466 392 3521 quelibet
418 3467 552 3509 trium
581 3467 815 3523 spirituum
847 3468 945 3511 661.

90 3579 91 3583 Ἰ
132 3522 312 3582 Mitigat
354 3525 631 3568 intellectum
675 3525 865 3568 hominis
903 3527 1120 3583 cogitacio

15 3620 31 3626 .
78 3615 79 3618 ,
192 3583 248 3626 de
279 3583 364 3627 deo
398 3584 496 3627 123.

13 3684 22 3687 -
75 3693 78 3696 Α
136 3647 324 3699 —gatur
352 3642 536 3688 dileccio
567 3643 640 3686 dei
672 3643 769 3687 123.

857 448 1162 489 GENERAL
1195 448 1415 488 INDEX.

2090 452 2192 501 783

1206 605 1287 648 per
1323 592 1561 634 Mititatem
1600 596 1645 633 et
1681 591 1955 646 pacienciam
1994 593 2196 636 infideles

1265 649 1475 692 vincendi
1504 654 1615 703 sunt!
1637 651 1736 691 271.

1207 708 1499 750 Mobilissima
1529 708 1755 762 sapiencia
1784 709 1909 750 verbi
1940 709 2023 750 deo
2058 710 2156 752 166.

1207 766 1514 808 Moderamine
1564 771 1667 807 sunt
1712 767 1979 821 expellendi,
2031 767 2067 808 si
2123 768 2196 809 de-

1265 824 1422 866 ficiunt
1466 824 1667 867 homines
1703 825 1751 866 in
1786 830 1972 880 peccato
2009 826 2198 867 notabili

1207 941 1459 984 Moderavit
1490 941 1657 984 Cristus
1686 942 1902 997 populum
1933 943 2035 985 465.

1207 1000 1412 1043 Moderni
1440 1001 1616 1055 patroni
1645 1006 1798 1043 sancte
1828 1001 2038 1043 vixerunt
2067 1002 2166 1043 454.

1207 1059 1433 1102 Modicum
1469 1060 1516 1100 in
1553 1060 1889 1115 comparacione
1919 1065 2113 1115 tempus,
2151 1060 2198 1100 in

1267 1132 1356 1173 quo
1387 1118 1594 1174 regnabit
1623 1119 1874 1160 anticristus
1907 1120 2005 1161 397.

1206 1177 1367 1219 Modus
1396 1177 1609 1232 loquendi
1630 1177 1760 1219 Cristi
1788 1178 1836 1219 in
1857 1177 2104 1233 ewangelio
2126 1178 2197 1220 77.

1208 1236 1311 1276 -di
1341 1248 1420 1277 sex
1450 1249 1693 1278 consensus
1724 1237 1822 1278 349.

1206 1308 1297 1336 non
1333 1294 1598 1336 Molestatur
1637 1295 1826 1336 ecclesia
1863 1295 1911 1335 in
1948 1295 2197 1336 millenario

1266 1352 1462 1394 secundo
1500 1353 1585 1394 nisi
1623 1367 1650 1395 a
1680 1354 1834 1408 paucis
1861 1353 2066 1394 hereticis
2099 1355 2196 1395 392.

1206 1411 1519 1453 Monachalem
1551 1411 1750 1454 ordinem
1782 1412 1892 1453 deus
1922 1412 2078 1453 statuit
2099 1413 2197 1454 258.

1206 1469 1455 1512 Monachus
1487 1482 1543 1511 ex
1573 1471 1725 1526 gracia
1756 1470 1829 1512 dei
1859 1470 2054 1512 officium
2083 1484 2198 1512 com-

1264 1529 1362 1584 plet
1392 1530 1492 1572 258.

1209 1587 1389 1641 -aeho‚
1423 1587 1531 1642 quid
1562 1592 1785 1644 repugnat
1815 1588 1914 1630 529.

1209 1646 1366 1688 —achi
1409 1651 1562 1688 sancte
1599 1647 1729 1689 matri
1764 1647 1952 1689 ecclesie
1990 1646 2198 1702 prodesse

1267 1705 1433 1747 debent
1466 1706 1563 1748 132.

1208 1789 1263 1794 —
1296 1769 1618 1819 contempnunt
1654 1764 1845 1806 Gristum
1883 1770 1929 1806 et
1966 1764 2198 1807 ecclesiam

1211 1906 1264 1911 —
1296 1895 1387 1923 non
1417 1881 1657 1937 disponunt
1686 1895 1733 1924 se
1765 1882 1823 1924 ad
1850 1881 2199 1938 resipiscendum

1212 2025 1265 2030 —
1296 1999 1397 2054 plus
1429 1999 1663 2054 delinqunt
1692 2000 1885 2042 claustra
1915 2013 2051 2056 quam
2081 2000 2202 2041 iusti-

1268 2059 1383 2100 ciam
1414 2058 1487 2100 dei
1520 2059 1616 2101 135.

1212 2142 1266 2147 —
1296 2117 1424 2172 parvi
1453 2118 1658 2172 pendunt
1688 2118 1760 2160 dei
1790 2118 2010 2159 iusticiam
2044 2118 2139 2160 132.

1211 2200 1265 2206 —
1296 2181 1570 2232 postponunt
1599 2177 1804 2233 regulam
1837 2177 1967 2219 Cristi
1999 2177 2096 2219 131.

1213 2258 1265 2264 —
1296 2249 1387 2276 non
1416 2240 1601 2291 prosunt
1631 2236 1819 2278 ecclesie
1852 2236 1949 2277 132.

1212 2318 1266 2324 —
1299 2293 1499 2335 debitum
1529 2295 1775 2350 temporale
1806 2299 1977 2336 attente
2009 2308 2202 2337 execun-

1268 2358 1341 2395 tur
1370 2354 1466 2395 132.

1213 2435 1265 2440 —
1285 2412 1451 2454 debent
1466 2411 1673 2454 abdicare
1690 2412 1881 2454 seculari
1890 2412 2084 2454 dominio
2103 2412 2201 2454 131.

1215 2495 1261 2499 —-
1299 2471 1465 2512 servire
1498 2470 1663 2513 debent
1692 2471 1738 2512 in
1766 2471 1861 2513 vita
1880 2484 2078 2526 paupere
2102 2472 2200 2513 131.

1214 2553 1266 2558 -
1299 2530 1521 2572 camelum
1553 2529 1814 2586 degluciunt
1847 2531 1943 2572 132.

1214 2612 1266 2617 —
1298 2588 1491 2643 spoliant
1522 2601 1688 2644 egenos
1721 2593 1957 2631 extraneos
1992 2590 2089 2631 135.

1212 2671 1266 2676 -—
1298 2661 1399 2688 cum
1435 2648 1753 2702 temporalibus
1790 2647 2067 2690 inviscantur
2103 2649 2202 2691 131.

1212 2730 1265 2735 —
1298 2705 1560 2748 mechantur
1600 2720 1702 2748 cum
1740 2706 1931 2760 dyabolo
1971 2707 2019 2748 in
2057 2707 2203 2749 basili-

1268 2765 1343 2817 cis,
1377 2764 1580 2807 domibus
1611 2770 1657 2807 et
1686 2765 1888 2807 claustris
1922 2767 2019 2808 135.

1213 2847 1267 2852 —
1298 2823 1501 2877 ydolatre
1531 2824 1578 2865 in
1608 2824 1717 2880 gula
1750 2825 1847 2867 135.

1212 2906 1265 2911 —
1298 2882 1464 2935 dicunt,
1488 2883 1607 2939 quod
1626 2883 1732 2925 ordo
1748 2897 1854 2925 suus
1869 2884 1926 2925 sit
1939 2883 2204 2939 perfectissi-

1268 2955 1365 2983 mus
1397 2943 1466 2984 59.

1211 3023 1264 3030 —
1297 3000 1460 3043 iniuste
1490 3005 1536 3042 et
1562 3001 1851 3055 pertinaciter
1871 3000 2119 3043 defendunt
2139 3001 2203 3041 in-

1267 3059 1427 3101 iuriam
1457 3063 1614 3101 contra
1644 3059 1879 3102 ecclesiam
1912 3061 2010 3102 135.

1211 3141 1265 3147 —
1297 3118 1486 3160 culicem
1517 3118 1666 3162 colant
1699 3120 1796 3161 132.

1210 3201 1264 3206 —
1297 3177 1506 3219 occidunt
1534 3190 1582 3218 se
1611 3177 1729 3232 ipsos
1760 3177 2048 3233 corporaliter
2070 3178 2167 3220 134.

1211 3258 1265 3265 -
1296 3236 1509 3291 primitivi
1540 3236 1637 3278 134.

1211 3317 1265 3324 —
1297 3295 1458 3337 vivunt
1487 3295 1706 3336 contrarie
1736 3295 1828 3351 legi
1859 3294 1933 3336 dei
1967 3295 2063 3336 132.

1211 3376 1266 3383 —
1299 3353 1529 3395 dimittunt
1557 3353 1762 3409 regulam
1793 3353 1924 3395 Cristi
1957 3354 2054 3395 131.

1213 3436 1263 3442 —
1297 3413 1522 3454 seculares
1562 3412 1730 3454 debent
1763 3413 1918 3455 vivere
1957 3412 2204 3455 secundum

1266 3471 1472 3527 regulam
1504 3470 1635 3513 cristi
1666 3472 1765 3513 247.

1211 3553 1264 3559 —
1296 3531 1627 3586 pingwesentes
1657 3531 1756 3573 246.

1210 3612 1264 3618 —
1295 3589 1537 3631 intendunt
1565 3589 1734 3631 artibus
1763 3588 1969 3630 humanis
1999 3589 2099 3631 220.

1210 3671 1266 3678 —
1295 3648 1499 3690 intricate
1532 3652 1576 3689 et
1607 3647 1766 3690 diffuse
1796 3647 2004 3690 locuntur
2034 3649 2132 3690 528.
