2528 4074
934 335 1239 377 GENERAL
1271 335 1492 393 INDEX.
2137 341 2238 390 821

178 483 312 525 Secte
353 482 530 524 novelle
570 481 844 523 constituunt
883 491 1047 534 papam
1094 479 1168 520 do·
1258 461 1398 521 Sectev
1418 480 1622 522 furantur
1648 455 1822 535 puerOS‚
1861 481 2051 536 spoliant
2080 496 2246 539 egenos

241 542 410 583 minum
490 540 718 582 domorum
791 537 1003 579 librorum
1083 541 1167 579 etc.
1318 543 1401 580 etc.
1435 539 1533 580 711.

241 601 343 642 307,
1261 619 1314 627 -
1348 596 1530 638 deviant
1561 609 1587 637 a
1618 596 1775 652 regula
1806 600 1850 638 et
1871 597 2153 641 ordinacione
2176 599 2249 642 dei

181 682 240 688 —
270 658 542 700 inclinantur
568 654 762 712 peccatis
792 652 1047 695 carnalibus
1079 653 1148 696 36.
1318 654 1418 697 712.

183 740 240 747 --
271 716 488 758 inducunt
515 713 823 781 pestilenciam
854 712 1001 753 anime
1033 712 1057 754 7
1062 711 1102 753 2
1262 739 1315 744 -—
1345 716 1638 767 persecuntur
1651 724 1872 767 pauperes
1887 714 2139 756 sacerdotes
2150 716 2247 757 711.

186 799 243 805 —
274 789 364 817 non
393 773 640 816 sancciores
669 771 956 838 popularibus
986 770 1054 812 31.
1262 794 1316 800 —
1347 783 1439 812 non
1476 775 1661 825 possunt
1697 770 1929 813 individua
1967 785 2051 813 nec
2083 786 2250 828 genera

182 857 239 863 —
277 847 368 875 non
404 835 587 887 possunt
629 830 833 872 excusari
871 827 927 871 de
970 828 1172 870 crimina·
1320 833 1518 871 statuum
1547 842 1729 871 suorum
1758 829 1960 872 invenire
1990 831 2091 873 710.

242 891 369 933 cione
399 891 469 932 40.
539 911 543 918 ν
1263 910 1318 917 --
1364 887 1603 929 mendaces
1654 888 1832 930 suborte
1877 893 1980 930 sunt
2024 889 2249 932 mediante

180 973 237 980 -—
270 963 362 991 non
391 952 581 1003 parcunt
599 947 757 990 ovibus
776 945 1079 990 transmarinis
1099 945 1174 987 vel
1318 946 1508 1002 ypocrisi
1541 948 1639 989 393.

179 1007 588 1108 —ciisffilailffigssgs
619 1063 749 1107 cristi
779 1063 1013 1107 ecclesiam
1044 1062 1142 1104 312.
1264 1087 1318 1093 -
1351 1017 1579 1120 afflpggnpa
1579 1005 2251 1108 ᾖ1130ἴιὲἰῙεῗίτιῖῐῒιξὼ111111ε113Ἷ1ἒ4·33313111

184 1148 238 1155 -
270 1138 361 1166 non
391 1125 548 1180 lugent
576 1127 764 1179 peccata
792 1122 947 1179 populi
975 1123 1046 1164 43.
1322 1135 1448 1164 suam
1479 1123 1580 1166 230.

179 1206 239 1214 —
268 1183 442 1225 lucrum
471 1182 785 1238 temporalium
823 1184 1042 1237 appetunt
1073 1180 1171 1222 313.
1267 1200 1320 1209 -
1352 1181 1398 1222 in
1437 1181 1672 1223 ecclesiam
1709 1195 1800 1224 non
1838 1181 2004 1224 debent
2033 1182 2252 1225 introduci

179 1266 238 1272 —
271 1246 426 1284 carent
454 1241 725 1283 fundacione
754 1241 801 1282 in
830 1239 1081 1282 racionibus
1110 1238 1173 1281 vi·
1324 1241 1422 1282 602.

244 1301 424 1342 cacibus
456 1305 501 1343 et
531 1300 748 1355 scriptura
779 1299 879 1343 712.
1265 1321 1318 1327 -
1337 1298 1496 1339 frivola
1511 1297 1674 1340 ficticia
1688 1298 1869 1341 fuerunt
1883 1299 2134 1342 introducte
2152 1301 2251 1342 394.

183 1382 240 1390 —
273 1359 500 1401 dimittunt
537 1358 741 1415 regulam
773 1357 903 1400 Cristi
939 1357 1038 1412 plus
1076 1369 1173 1411 per·
1263 1380 1320 1386 —
1350 1357 1466 1398 bone
1498 1361 1543 1398 et
1572 1357 1693 1398 licite
1726 1358 1824 1399 704.

7 1436 26 1471 ᾗ
242 1418 407 1460 fectam
438 1423 521 1460 etc.
555 1418 654 1460 712.
1266 1439 1319 1445 -
1368 1416 1608 1457 observant
1652 1416 1831 1471 regulas
1876 1429 1979 1458 suas
2024 1422 2253 1473 tamquan

0 1474 23 1525 ἔ
102 1475 105 1477 ’
184 1499 240 1506 -
272 1476 485 1533 fugiende
515 1480 620 1518 sunt
649 1476 748 1518 312.
1322 1473 1472 1530 legem
1503 1473 1576 1515 dei
1609 1474 1705 1516 181.

0 1530 24 1577 {²
181 1558 240 1565 —
270 1536 619 1577 taciturnitatem
649 1538 831 1587 servant
861 1533 934 1576 52.
1263 1555 1319 1563 --
1351 1532 1398 1574 in
1428 1533 1557 1574 scolis
1578 1537 1748 1589 negant
1767 1533 1955 1575 hostiam
1978 1547 2075 1576 esse
2096 1548 2254 1591 corpus

42 1594 45 1596 ’
183 1617 238 1624 -
272 1594 319 1636 111
349 1594 640 1636 fundamento
671 1592 884 1635 deficiunt
913 1592 982 1634 61.
1325 1590 1457 1634 Cristi
1493 1592 1592 1634 381.

184 1657 483 1699 -onustant
513 1652 748 1694 ecclesiam
780 1653 855 1705 593
888 1652 958 1693 90.
1264 1674 1321 1680 —
1353 1650 1401 1691 in
1431 1649 1519 1692 fide
1549 1650 1726 1692 variant
1758 1651 1856 1693 381.

0 1743 23 1782 ὁ
181 1735 240 1741 —
273 1717 377 1753 sunt
406 1711 626 1753 contrarie
655 1710 832 1753 caritati
862 1710 931 1752 62.
1266 1733 1319 1740 —
1358 1709 1523 1764 populo
1570 1709 1625 1752 de
1671 1701 1815 1751 Hostia
1852 1710 2083 1766 antiquam
2120 1709 2256 1753 fidem

187 1794 236 1800 —
273 1775 379 1811 sunt
409 1770 660 1812 anticristus
691 1770 760 1812 64.
1323 1767 1478 1810 dicunt
1508 1769 1607 1810 381.
1748 1803 1751 1805 .

185 1853 239 1858 -
271 1829 568 1870 sollicitudine
599 1842 690 1871 non
721 1810 936 1870 deficiunt
966 1827 1034 1869 57.
1266 1849 1319 1857 -
1352 1827 1400 1867 111
1428 1840 1551 1882 spem
1573 1832 1731 1869 vocate
1760 1840 1840 1882 per
1869 1841 1999 1870 suum
2019 1833 2257 1884 patronum

182 1911 239 1916 —
269 1900 350 1942 per
381 1887 623 1941 dyabolum
652 1886 902 1929 introducto
934 1886 1004 1927 46.
1328 1885 1427 1928 381.

184 1969 239 1976 ——
270 1945 456 2001 pacifice
488 1947 557 1989 51.
1265 1967 1320 1975 —
1351 1958 1442 1986 non
1472 1957 1552 2000 per
1582 1944 1773 1986 Cristum
1803 1945 1850 1986 in
1885 1958 2010 2000 spem
2040 1950 2260 1988 vocantur

184 2028 240 2035 —
271 2005 531 2060 relinquunt
566 2008 733 2047 sectam
771 2003 938 2046 domini
966 2004 1071 2045 Iesu
1103 2002 1171 2045 63.
1324 2003 1423 2045 382.

187 2086 235 2094 —
271 2076 342 2105 res
373 2063 627 2106 dileccionis
656 2063 780 2105 laute
811 2062 1004 2118 diligunt
1042 2061 1112 2104 62.
1265 2085 1317 2092 —
1341 2061 1499 2104 fratres
1516 2062 1682 2104 occisos
1698 2067 1928 2118 tamquam
1944 2063 2146 2106 martires
2168 2077 2259 2106 non

184 2146 239 2152 --
271 2126 481 2178 patronos
512 2126 753 2178 sequentes
785 2125 887 2164 311111
917 2121 1048 2163 beate
1073 2120 1170 2162 177.
1321 2121 1504 2175 capiunt
1536 2121 1635 2163 250.

181 2205 239 2211 —
271 2181 501 2237 arguende
546 2185 726 2237 propter
769 2179 1014 2236 culpabiles
1051 2178 1173 2221 novi·
1263 2203 1318 2210 —
1350 2184 1508 2234 quarte
1538 2179 1800 2235 blasphema
1829 2180 2063 2222 mendacia
2093 2181 2192 2223 252.

243 2245 358 2281 tates
390 2242 459 2282 93.
1262 2263 1316 2269 —
1349 2243 1507 2293 quarte
1538 2238 1695 2294 religio
1728 2242 1774 2280 et
1803 2239 1897 2280 vita
1926 2239 2170 2294 perfeccior
2191 2238 2254 2280 di-

0 2287 12 2315 *
183 2322 239 2329 —
272 2298 328 2340 de
356 2298 473 2340 furto
494 2302 540 2340 et
560 2297 616 2340 de
636 2297 867 2340 latrocinio
888 2296 1083 2352 suspecti
1103 2297 1172 2339 90.
1320 2297 1433 2339 311111
1463 2310 1598 2353 quam
1628 2297 1785 2354 religio
1816 2298 2115 2353 apostolorum
2152 2299 2252 2341 252.

0 2331 14 2427 ι
183 2380 238 2388 -
270 2357 464 2399 innuunt
493 2357 664 2412 aliquos
696 2356 894 2414 obiectus
925 2356 995 2398 91.
1262 2379 1319 2387 -
1348 2356 1654 2412 superaddunt
1683 2369 1824 2398 novas
1852 2357 2031 2412 regulas
2065 2358 2161 2399 182.

0 2429 16 2565 ι
180 2439 243 2447 -—
273 2429 390 2459 nove
439 2416 633 2458 stabilite
685 2428 741 2458 ex
775 2405 1052 2459 311310111313
1099 2412 1172 2455 do·
1262 2439 1317 2445 —
1349 2415 1602 2470 specialiter
1632 2415 1872 2457 observant
1900 2429 2028 2457 suam
2048 2416 2252 2472 regulam

243 2474 352 2516 mini
382 2475 1422 2518 89.181.

182 2556 240 2564 -
271 2533 558 2576 commiscent
583 2533 763 2575 hereses
781 2532 1024 2575 contrarias
1043 2531 1173 2574 liber·
1263 2555 1317 2563 -
1350 2532 1564 2574 deficiunt
1593 2545 1621 2574 a
1649 2532 1752 2588 lege
1784 2532 1858 2574 dei
1890 2533 1987 2575 181.

242 2591 325 2634 tati
355 2593 425 2634 90.
1263 2615 1317 2621 -
1348 2591 1608 2633 infallibiter
1637 2591 1992 2646 contempnende
2023 2596 2127 2634 sunt
2154 2593 2253 2635 180.

185 2673 241 2680 —
292 2650 479 2692 miscent
532 2649 798 2692 tradiciones
848 2663 950 2691 cum
998 2649 1172 2705 legibus
1266 2675 1314 2680 —
1349 2651 1406 2691 ab
1438 2651 1658 2692 erroribus
1688 2650 1953 2706 resipiscunt
1985 2652 2082 2694 180.

244 2708 376 2751 Cristi
405 2710 475 2751 90.
1262 2733 1319 2739 -
1349 2709 1470 2751 fures
1502 2714 1547 2751 et
1575 2709 1770 2751 latrones
1805 2710 1901 2751 180.

188 2791 238 2798 —
274 2766 477 2809 infideles
510 2766 608 2809 102.
1261 2791 1317 2797 -
1349 2772 1452 2810 311111
1481 2768 1706 2810 manifesti
1735 2767 1920 2810 heretici
1954 2770 2050 2822 181.

0 2860 11 2910 ν
185 2908 242 2915 -
274 2831 336 2926 ³1¹5.
350 2825 1031 2951 ἢέἑῗῗωὲοᾟὲἒίἷέζζ014101
1079 2888 1174 2927 ω..
1262 2912 1317 2918 -
1349 2827 1574 2928 {affl
1598 2827 1719 2928 302²..
1751 2885 1880 2927 cristi
1912 2886 2008 2927 179.

245 2957 400 2986 earum
431 2943 590 2985 caritas
621 2942 819 2984 consistit
845 2942 892 2983 in
912 2943 1174 2986 obediencia
1263 2967 1318 2974 —
1351 2945 1538 2987 ecclesie
1569 2948 1672 2986 sunt
1702 2957 1887 2986 onerose
1918 2945 2017 2986 242.

0 2997 10 3079 f
244 3002 336 3044 scil.
366 3001 624 3058 regularum
654 3000 818 3043 ordinis
848 3002 947 3044 306.
1262 3026 1318 3033 —
1350 3003 1576 3045 abstinent
1606 3015 1634 3044 a
1663 3003 1772 3044 cibis
1805 3004 1873 3046 36.

0 3089 11 3136 ἓ
185 3084 242 3090 -
272 3061 479 3103 nesciunt
497 3059 695 3102 stabilire
709 3060 1080 3116 approbacionem
1102 3062 1172 3104 61.
1262 3085 1317 3092 --
1350 3061 1586 3103 abcondite
1616 3074 1697 3116 per
1725 3061 1962 3116 ypocrisim
1996 3062 2092 3104 136.

0 3139 8 3188 ιι
188 3143 241 3149 -
274 3133 366 3161 11011
396 3119 590 3176 diligunt
616 3118 775 3161 fratres
805 3117 935 3161 Cristi
966 3121 1035 3162 63.
1263 3144 1317 3151 —-
1350 3119 1657 3175 superaddunt
1682 3120 1766 3162 sibi
1786 3120 2048 3175 equivalens
2070 3121 2161 3177 legi
2181 3120 2255 3164 dei

188 3201 240 3209 —
275 3183 378 3220 sunt
406 3177 627 3220 homicide
658 3178 729 3220 63.
1324 3179 1421 3221 181.

0 3216 7 3251 ἰ
188 3260 243 3266 -
275 3236 432 3279 odiunt
459 3237 617 3278 ftatres
649 3237 718 3279 63.
1263 3260 1320 3267 —
1351 3238 1530 3279 arbores
1560 3237 1833 3280 infructuose
1866 3238 1935 3280 72.

0 3337 6 3360 Ρ
187 3317 244 3324 -
277 3295 425 3351 capita
455 3294 642 3337 ecclesie
672 3308 763 3337 non
793 3299 897 3336 sunt
927 3295 996 3337 64.
1263 3319 1319 3326 —
1351 3296 1462 3338 false
1492 3295 1669 3352 fingunt
1698 3301 1908 3351 patronos
1939 3297 2008 3338 24.

0 3388 7 3423 ι
188 3377 245 3383 -
278 3353 490 3395 deficiunt
517 3353 565 3394 in
594 3353 780 3396 caritate
811 3354 887 3407 593
920 3354 1019 3396 382.
1265 3376 1320 3385 —-
1351 3354 1524 3397 faciunt
1552 3358 1716 3398 mortes
1745 3355 1996 3411 principum
2028 3356 2096 3397 74.

189 3435 245 3442 —
276 3411 490 3454 deficiunt
517 3411 565 3453 in
594 3410 683 3454 fide
713 3424 792 3467 spe
823 3416 869 3454 et
888 3412 1073 3454 caritate
1106 3413 1174 3455 60.
1266 3436 1321 3443 —
1367 3412 1544 3470 fingunt
1588 3413 1700 3457 false
1746 3427 1793 3456 se
1840 3427 1935 3456 esse
1982 3414 2146 3456 amicos
2186 3427 2255 3457 re-

189 3493 245 3501 -—
277 3483 334 3513 ex
364 3470 438 3513 dei
465 3470 628 3513 iudicio
656 3470 875 3526 premium
896 3475 1076 3526 sperant
1106 3472 1175 3515 60.
1325 3485 1431 3527 gum
1462 3473 1532 3514 42.

191 3553 247 3560 —
277 3534 582 3585 procuratores
610 3529 754 3585 patuli
783 3529 997 3572 anticristi
1028 3531 1127 3572 712.
1268 3553 1322 3560 —
1355 3530 1637 3573 exhorbitant
1667 3544 1694 3572 a
1724 3530 1881 3587 regula
1912 3530 2121 3573 cristiana
2152 3532 2221 3573 37.
