2528 4074
913 307 1217 348 GENERAL
1250 306 1475 347 INDEX.

162 453 292 495 Secte
323 452 584 495 dimittende
614 457 718 495 sunt
747 454 846 495 303.

163 535 217 540 —
249 510 435 566 private,
456 525 558 553 cum
578 511 726 566 quoad
745 510 879 552 fidem
899 523 1026 552 suam
1047 515 1150 552 sunt

219 569 489 612 condicionis
534 570 751 625 opposite,
798 573 902 610 sunt
946 569 1150 624 discipuli

218 628 433 670 anticristi
463 630 562 671 399.

160 710 215 716 -
249 686 429 728 dissolvi
460 687 629 728 debent
658 686 757 728 301.

160 769 214 775 —
241 759 337 812 non
367 744 532 786 debent
568 743 743 797 admitti
766 742 831 784 ad
862 756 974 784 onus
1006 742 1147 785 eccle-

159 804 398 927 -81113111ἷ1ξο1
402 833 576 901 ‘contra
613 860 834 915 apostolos
871 873 952 916 per
981 860 1146 915 dyabo-

160 917 735 1032 -¹¹‡?.¹p3¹3.?2⁰3¹2‘2*3133232

159 1060 212 1065 —
241 1035 506 1092 religionem
543 1036 826 1091 sophisticam
860 1036 1147 1079 introducunt

157 1095 487 1219 —3ge5rminant
505 1152 739 1195 mendacia
753 1153 812 1195 ad
827 1158 1145 1196 nocumentum

156 1211 638 1325 —eszissgierjgridacio
668 1270 855 1313 fundate
886 1272 985 1313 349.

159 1357 206 1363 -
242 1330 502 1381 floruerunt,
524 1342 625 1370 cum
646 1328 703 1371 de
723 1328 976 1371 eucharista
996 1329 1144 1385 dispu-

24 1424 33 1446 ;
210 1392 355 1429 tatum
386 1391 453 1428 est
483 1388 581 1429 304.

108 1462 111 1464 ·
154 1469 209 1475 —
240 1459 332 1488 non
362 1445 633 1487 auctorizate
664 1458 693 1488 a
723 1445 863 1489 Gristo
894 1447 994 1489 298.

19 1506 28 1524 ³
154 1528 209 1534 —-
241 1504 490 1560 periculose
521 1504 711 1547 deficere
743 1505 909 1547 debent
938 1506 1038 1548 299.

4 1546 50 1619 {5¹⁸
71 1601 83 1606 ..
153 1587 208 1593 —
239 1563 399 1605 nocive
430 1562 597 1605 debent
625 1563 794 1606 destrui
823 1565 922 1607 353.

2 1621 59 1679 gs
151 1647 211 1654 —
241 1621 508 1677 expellende
538 1622 595 1664 ab
627 1622 817 1665 ecclesia
847 1624 945 1666 354.

11 1685 14 1691 ’
154 1680 554 1781 -3ἕέ1111111311108
593 1693 649 1722 ex
685 1681 880 1724 falsitate
922 1680 1143 1723 mendacii

152 1821 207 1827 —
246 1802 350 1839 sunt
378 1796 504 1839 radix
534 1797 758 1839 mendacii
787 1798 886 1841 352.

153 1879 206 1886 —-
239 1856 462 1898 seminant
490 1856 727 1898 mendacia
756 1857 856 1900 351.

152 1938 206 1944 —
222 1915 507 1957 menciuntur
521 1915 782 1971 scripturam
797 1927 968 1957 sacram
983 1915 1143 1958 falsam

209 1986 307 2015 esse
340 1974 440 2016 349.

2 2030 10 2080 f
152 2056 206 2062 —
239 2032 485 2074 secundum
514 2031 734 2075 humanas
755 2033 935 2092 regulas
956 2032 1142 2075 fundate

0 2155 14 2212 ’ξ
153 2173 207 2180 -
240 2149 399 2191 stolide
428 2149 679 2191 introducto
710 2149 809 2192 368.

0 2216 12 2256 ι
153 2232 207 2238 -
238 2207 398 2250 nolunt
418 2207 475 2250 de
491 2213 615 2251 secta
631 2207 763 2250 Cristi
777 2208 1027 2250 contentari
1043 2210 1141 2252 365.

0 2257 13 2317 ,ἱ
153 2291 207 2297 -
244 2279 409 2308 novam
454 2271 621 2308 sectam
666 2267 872 2309 frivolam
918 2271 964 2309 et
1002 2266 1143 2309 Cristo

208 2326 476 2367 contrariam
505 2325 817 2368 machinantur
848 2327 948 2369 365.

11 2400 13 2402 ·
152 2408 205 2414 --
238 2389 366 2426 extra
394 2397 643 2438 numerum,
675 2397 930 2427 mensuram
961 2389 1007 2427 et
1035 2399 1142 2440 pon-

209 2442 291 2484 dus
323 2442 395 2485 dei
425 2447 593 2485 statute
624 2444 724 2486 368.

150 2524 206 2532 —-
245 2514 338 2543 non
378 2506 560 2544 servant
597 2502 843 2544 doctrinam
881 2502 1142 2544 obediencie

150 2642 204 2648 —-
237 2622 342 2660 sunt
370 2618 428 2660 ad
468 2631 580 2660 onus
608 2630 856 2673 pauperum
885 2619 1014 2675 regni
1042 2620 1142 2661 421.

150 2700 204 2707 —-
237 2676 468 2732 decipiunt
497 2676 678 2735 stolidos
710 2678 809 2719 347.

9 2766 17 2772 ,
150 2758 204 2765 -
244 2735 558 2791 blasphemant
593 2749 695 2777 cum
734 2735 1015 2778 oracionibus
1052 2736 1142 2778 suis

0 2882 5 2935 Ι
150 2795 435 2907 —3ypocrite
466 2853 566 2895 348.

0 2951 4 2970 ‚
149 2933 204 2941 —
237 2916 396 2966 quarte
426 2911 673 2966 principem
704 2910 936 2967 phariseus
956 2925 1073 2953 unus
1093 2925 1142 2955 se

0 2983 5 3026 ζ
205 2974 384 3026 reputat
415 2971 514 3012 264.

148 3051 203 3058 —
235 3028 421 3070 fundate
451 3029 499 3069 in
528 3028 762 3070 mendacio
797 3028 895 3071 354.

148 3110 203 3117 —
240 3087 546 3129 immediacius
583 3100 632 3130 se
670 3087 799 3142 sequi
835 3086 1025 3129 Cristum
1061 3086 1141 3129 fin-

206 3150 324 3200 gunt
354 3146 454 3188 264.

148 3227 202 3233 —
233 3203 394 3246 Iudam
423 3208 637 3246 secuntur
671 3203 772 3247 264.

148 3285 202 3291 --
234 3262 356 3304 viam
386 3262 445 3304 ad
473 3262 699 3304 infernum
728 3261 906 3305 vadunt
929 3263 1029 3306 264.

148 3345 202 3350 -
235 3333 292 3362 ex
323 3321 587 3363 auctoritate
617 3320 747 3363 Cristi
776 3326 919 3377 agunt
948 3322 1047 3364 264.

149 3402 203 3408 -
234 3379 375 3434 prime
406 3379 620 3435 purgacio
651 3380 750 3422 269.
776 3414 786 3419 -

148 3461 201 3467 —
233 3442 445 3493 patronos
475 3451 577 3480 suos
606 3451 697 3480 non
725 3438 956 3481 imitantur
986 3439 1086 3482 267.

148 3519 202 3526 —
235 3496 427 3538 Cristum
459 3496 619 3540 ducem
650 3496 862 3540 deserunt
893 3498 991 3541 267.

2120 310 2224 360 823

1239 451 1370 493 Secte
1400 451 1447 492 in
1478 450 1628 505 aliquo
1659 463 1814 492 verum
1846 451 1998 493 dicunt
2032 454 2127 495 184.

1238 533 1293 540 --
1325 522 1373 551 se
1405 509 1625 551 extollunt
1655 522 1787 563 super
1817 509 2046 552 cristianos
2079 512 2176 553 184.

1238 591 1292 597 —-—
1326 566 1612 622 despiciende
1642 571 1746 608 sunt
1779 568 1877 608 184.

1239 650 1291 655 —
1324 639 1465 667 unum
1493 629 1731 679 patronum
1759 624 1928 667 habent
1960 627 2058 668 184.

1238 707 1290 713 ——
1323 683 1550 739 puniende
1583 684 1682 725 183.

1238 766 1292 771 —
1324 741 1521 784 heretice
1550 741 1761 783 videntur
1791 754 1888 783 esse
1922 742 2018 784 183.

1236 824 1304 853 ——,
1321 814 1430 841 num
1446 799 1728 855 culpabiliter
1741 804 1846 841 sunt
1859 799 2110 843 introducte
2129 803 2225 844 176.

1236 883 1290 889 —
1323 858 1494 900 addunt
1523 858 1698 900 fabulas
1727 858 1966 901 mendaces
2001 860 2097 902 183.

1234 941 1290 948 —
1323 916 1510 959 subdole
1539 916 1791 959 introducto
1824 917 1922 959 193.

1235 999 1288 1006 --
1322 990 1414 1018 non
1448 975 1667 1031 legittime
1702 976 1750 1016 in
1779 989 1939 1031 corpus
1969 975 2099 1018 cristi
2127 978 2228 1019 sub-

1292 1035 1572 1077 intraverunt
1604 1034 1701 1077 175.

1236 1118 1290 1122 -
1321 1107 1430 1135 1111111
1459 1092 1601 1135 honor
1631 1097 1676 1135 et
1706 1093 1884 1135 ornacio
1916 1093 2104 1136 ecclesie
2129 1096 2226 1136 174.

1236 1175 1291 1182 -
1324 1166 1432 1193 1111111
1462 1152 1584 1193 licite
1615 1156 1719 1193 sunt
1750 1153 1848 1195 176.

1235 1233 1290 1241 --
1322 1211 1532 1253 minuunt
1559 1210 1685 1266 leges
1717 1210 1790 1252 dei
1823 1211 1919 1253 183.

1236 1292 1290 1299 —-
1321 1283 1412 1311 non
1441 1282 1522 1324 per
1552 1269 1780 1311 dominum
1809 1269 2059 1312 introducte
2094 1271 2190 1313 176.

1237 1351 1290 1358 -
1322 1327 1536 1383 ypocrisis
1570 1328 1667 1370 195.

1233 1410 1288 1416 —
1319 1400 1411 1428 non
1441 1386 1628 1427 fundate
1657 1386 1708 1427 in
1735 1386 1838 1442 lege
1870 1386 2037 1428 domini
2069 1387 2167 1430 175.

1233 1468 1287 1475 ——
1319 1445 1540 1501 paganice
1575 1445 1671 1487 175.

1233 1527 1288 1534 —
1304 1510 1414 1545 num
1437 1503 1803 1546 subintraverunt
1817 1517 1898 1559 per
1918 1505 2229 1547 auctoritatem

1292 1562 1422 1605 Cristi
1456 1563 1554 1604 175.

1234 1645 1288 1651 —
1321 1622 1369 1662 in
1401 1620 1639 1676 disciplina
1669 1620 1948 1677 degenerant
1979 1622 2077 1663 210.

1233 1704 1287 1709 ——
1309 1694 1401 1722 non
1417 1680 1464 1721 in
1481 1679 1647 1722 celeste
1663 1694 1821 1735 corpus
1837 1680 2133 1722 sublimantur
2154 1681 2227 1723 74.

1235 1762 1289 1768 -
1321 1739 1495 1780 addunt
1525 1738 1583 1780 ad
1602 1739 1791 1781 verbum
1812 1738 1979 1780 domini
1998 1744 2228 1794 tamquam

1289 1797 1427 1839 fidem
1463 1798 1560 1839 181.

1231 1879 1287 1886 —
1320 1856 1548 1898 dimittunt
1585 1855 1787 1898 ordinem
1824 1855 2078 1898 documenti
2106 1857 2229 1898 trini-

1289 1916 1394 1957 tatis
1427 1916 1526 1958 210.

1232 1997 1287 2003 ——
1326 1973 1568 2015 intendunt
1613 1972 1811 2029 dogmati
1855 1972 2111 2016 tradicionis
2148 1974 2228 2016 hu-

1289 2046 1423 2074 mane
1461 2032 1561 2074 210.

1233 2114 1288 2121 —
1319 2095 1581 2148 procurator
1612 2089 1713 2147 Grog
1743 2091 1842 2134 397.

1232 2174 1288 2181 —
1320 2151 1367 2192 in
1398 2163 1477 2205 spe
1507 2149 1687 2192 variant
1717 2150 1816 2205 381.

1234 2232 1288 2238 —
1319 2210 1367 2250 in
1399 2209 1585 2251 caritate
1617 2207 1784 2251 domini
1814 2209 2046 2251 variantur
2077 2211 2174 2252 382.

1231 2290 1286 2297 -
1320 2268 1587 2310 divisionem
1617 2267 1665 2308 in
1684 2267 1826 2309 tribus
1846 2268 2084 2311 virtutibus
2104 2269 2226 2311 theo-

1290 2327 1446 2383 logicis
1476 2326 1648 2368 faciunt
1679 2327 1779 2369 380.

1232 2410 1287 2416 -—
1318 2386 1367 2427 in
1403 2385 1619 2441 principio
1657 2385 1851 2427 induunt
1881 2385 2082 2428 habitum
2114 2386 2226 2428 anti-

1290 2445 1411 2487 cristi
1442 2446 1540 2487 369.

1232 2527 1287 2532 —
1335 2503 1508 2555 dicunt,
1554 2502 1744 2544 hostiam
1788 2517 1879 2544 non
1925 2516 2022 2545 0880
2067 2518 2232 2559 corpus,

1291 2561 1422 2604 Cristi
1453 2561 1552 2603 381.

1234 2643 1288 2649 -
1321 2621 1583 2662 divisionem
1621 2620 1668 2661 in
1704 2620 1878 2663 unitate
1915 2620 2021 2663 fidei
2055 2621 2236 2663 faciunt.

1232 2761 1286 2767 —
1319 2738 1366 2779 in
1396 2737 1677 2780 beatitudine
1706 2738 1807 2793 plus
1829 2738 2046 2780 cristianis
2067 2739 2235 2781 ceteris.

1289 2796 1550 2852 premiande
1581 2797 1679 2838 381.

1231 2879 1286 2884 —
1318 2860 1422 2897 sunt
1452 2855 1673 2897 contrarie
1703 2855 1784 2897 toti
1816 2856 2003 2897 ecclesie
2035 2857 2133 2898 372.

1230 2938 1285 2944 -
1317 2915 1585 2956 subvertunt
1615 2914 2065 2969 ewangelizacionem
2097 2916 2203 2958 372..

1228 2996 1286 3004 —
1318 2973 1607 3015 substernunt
1643 2973 1896 3015 sacerdotes
1935 2972 2091 3016 fideles
2122 2975 2221 3018 372.

1229 3036 1334 3073 ante
1366 3055 1421 3061 —
1454 3036 1612 3086 quarte
1633 3031 2014 3074 introduccionem
2034 3046 2224 3089 regnum

1286 3090 1540 3145 prosperius
1571 3090 1693 3132 stetit
1723 3090 1822 3132 253.

1230 3161 1287 3190 ex
1319 3173 1374 3178 -
1407 3148 1747 3191 continuacione
1788 3150 1991 3192 extranei
2022 3150 2222 3206 dampni-

1288 3206 1479 3249 ficantur
1510 3208 1610 3250 271.

1227 3265 1275 3306 111
1306 3289 1361 3295 -—
1394 3270 1553 3321 quarte
1590 3265 1816 3308 habitibus
1855 3267 1932 3323 qui
1961 3269 2146 3310 moritur
2175 3270 2222 3311 in

1281 3324 1433 3366 vlocum
1450 3324 1630 3379 dyaboli
1645 3339 1735 3367 non
1751 3325 2104 3382 condempnatur
2120 3329 2219 3371 252.

1228 3381 1406 3424 Sectam
1438 3382 1569 3425 Cristi
1600 3384 1823 3426 excedunt
1853 3389 1993 3428 status
2024 3388 2094 3429 98.

1229 3441 1620 3543 —fphffliissiomm
1643 3442 1809 3486 Cristus
1830 3443 2048 3486 destruxit
2066 3445 2221 3500 paula-

1306 3514 1378 3543 1νο
1500 3533 1510 3543 .
