2528 4074
112 322 204 362 οαφ.
243 302 392 361 VIII]
699 304 793 344 DE
819 304 1187 345 RELIGIONE
1212 304 1403 344 1212sz
1412 304 1488 343 TA
1519 304 1560 343 1.
2044 309 2147 358 515

112 451 374 504 confluunt
426 448 731 500 claustrales
784 450 852 500 ad
906 458 1096 501 statum
1152 449 1437 501 secularem
1489 448 1838 515 perfectorum
1882 456 2147 518 tamquam

0 529 29 627 {3
111 539 178 591 ad
231 544 422 589 statum
461 537 935 603 supererogacionis
974 536 1366 589 accidentaliter
1402 536 1522 603 plus
1559 535 1863 603 perfectum,
1920 554 2018 605 que
2056 555 2151 604 per

0 625 34 700 {g
110 625 350 677 accidens
386 623 644 690 perfeccio
683 625 993 693 quandoque
1032 625 1283 691 contingit
1319 624 1526 674 racione
1558 623 1863 675 honestioris
1890 625 2150 676 societatis

0 711 51 738 'f'
107 713 191 766 vel
227 711 415 778 prelati
450 710 635 762 melius
671 712 896 777 regentis
935 720 1026 763 aut
1062 712 1275 763 alterius
1315 711 1593 763 consimilis
1631 728 1804 762 causa.

5 805 91 854 ”5
162 816 166 818 ’
249 798 336 849 Ex
375 815 475 866 quo
512 805 674 865 patet,
710 800 849 867 quod
875 800 1147 851 cristianus
1173 799 1452 851 observans
1477 798 1856 866 perfeccionem
1883 800 2152 865 ewangelii

31 893 34 900 '
107 894 254 940 extra
292 886 575 937 claustrum
615 887 883 953 corporale
919 905 1024 938 non
1063 888 1250 939 dicitur
1288 887 1548 948 secularis,
1590 886 1711 953 quia
1743 886 1874 938 vivit
1899 887 2150 938 essencia-

1 959 29 1046 ]³‘[
104 975 221 1026 liter
270 970 691 1040 imperfeecius1⁶
744 975 986 1026 cristiano
1025 975 1332 1027 observante
1371 974 1750 1042 perfeccionem
1789 973 2059 1040 ewangelii
2095 974 2150 1024 in

19 1054 48 1095 Ὺ
105 1062 344 1122 claustrO,
385 1061 475 1111 sed
513 1061 810 1112 huiusmodi
847 1059 1172 1114 cristianus1⁷
1214 1063 1404 1114 dicitur
1448 1062 1709 1124 secularis,
1766 1062 1888 1130 quia
1940 1061 2149 1113 exclau-

45 1197 49 1200 .
86 1148 342 1210 ‘su-aliter,
384 1148 452 1199 ad
491 1166 644 1215 quem
683 1167 890 1200 sensum
926 1150 1138 1201 fuerunt
1175 1149 1373 1202 Cristus
1412 1157 1464 1201 et
1501 1150 1579 1201 sui
1617 1150 1838 1217 apostoli
1876 1167 1993 1200 cum
2035 1150 2149 1200 aliis

38 1236 330 1305 operfecte
384 1253 471 1287 eos
522 1234 902 1288 imitantibus²⁸
957 1238 1232 1290 seculares.
1307 1239 1419 1289 Nec
1474 1238 1820 1289 contrariatur
1870 1237 1992 1288 huic
2037 1255 2148 1288 sen-

101 1324 267 1376 tencie
293 1323 489 1374 dictum
514 1323 830 1390 Augustinia
853 1326 1079 1393 positum
1104 1327 1159 1377 in
1185 1325 1397 1377 Canone
1427 1328 1510 1387 12,
1553 1343 1636 1393 qU.
1668 1330 1714 1387 1,
1744 1343 1886 1392 cap.:
1917 1322 2148 1387 ‘Certe',²'

50 1418 53 1419 ’
99 1413 155 1463 111
191 1428 291 1479 quo
328 1418 484 1463 vocat
521 1411 734 1463 clericos
771 1413 1030 1464 seculares
1065 1414 1293 1476 claudos,
1335 1415 1456 1482 quia
1479 1414 1534 1464 in
1558 1414 1672 1480 ipso
1698 1414 1837 1464 dicto
1863 1430 1968 1464 non
1992 1421 2148 1465 vocat

101 1516 186 1552 eos
238 1500 468 1562 613111163,
526 1500 647 1568 quia
684 1508 805 1552 sunt
839 1502 894 1552 in
932 1509 1072 1553 statu
1109 1502 1458 1553 essencialiter
1492 1497 1937 1568 imperfecciori,1⁹
1991 1519 2145 1569 quam

60 1639 61 1642 ,
100 1594 178 1639 est
214 1595 378 1638 status
417 1587 789 1650 claustralium,
830 1589 923 1640 sed
961 1590 1082 1658 quia
1116 1590 1171 1640 in
1210 1589 1392 1640 diebus
1431 1590 1535 1641 suis
1573 1596 1632 1640 ut
1669 1589 2009 1640 communiter
2040 1607 2146 1640 non

53 1684 73 1722 ἐ,-
100 1674 415 1726 excellenter
450 1676 683 1743 perfecte
714 1675 1070 1750 ‘observabant
1080 1673 1128 1704 ²⁰
1165 1676 1544 1745 perfeccionem
1584 1677 1870 1742 ewangelii.

245 1761 486 1814 Secundo
538 1771 701 1831 patet,
757 1765 896 1832 quod
941 1765 1118 1816 nullus
1153 1765 1413 1832 ingressus
1441 1771 1460 1824 u
1488 1765 1543 1815 in
1581 1772 1772 1815 statum
1813 1764 2144 1815 claustralem
2168 1771 2182 1815 11
2200 1771 2229 1805 0
2244 1772 2314 1814 fol·
2340 1773 2437 1805 190⁶

98 1851 444 1918 perfectorum
480 1853 700 1919 preponi
737 1852 895 1903 debet
929 1854 984 1903 in
1016 1853 1342 1920 perfeccione
1376 1853 1646 1904 essenciali
1671 1853 1959 1920 cuicunque
1993 1852 2146 1903 alteri

97 1938 459 2002 satisfaccioni,
516 1957 634 1990 cum
671 1957 777 1991 non
816 1939 972 1991 debet
1009 1941 1080 1992 sic
1119 1942 1338 2008 preponi
1377 1941 1724 1992 satisfaccioni
1760 1940 1900 1992 facte
1936 1958 2030 2007 pro
2069 1940 2144 1990 in-

97 2022 329 2094 gressu21
365 2027 422 2077 in
459 2034 652 2078 statum
689 2028 976 2079 secularem
1013 2029 1378 2096 perfectorum.

241 2113 424 2166 Tercio
476 2122 636 2182 patet,
693 2116 831 2183 quod
883 2123 1048 2167 status
1095 2117 1343 2168 secularis
1380 2117 1728 2183 perfectorum
1767 2134 1897 2185 eque
1934 2117 2020 2168 vel
2059 2135 2144 2168 ex-

98 2202 375 2254 cellencius
427 2203 589 2254 habet
640 2203 776 2255 hanc
828 2205 1243 2271 prerogativam,
1285 2211 1344 2255 ut
1396 2205 1682 2255 secundum
1719 2204 1980 2271 baptisma
2016 2223 2144 2255 nun-

72 2298 329 2358 cupetur,
371 2291 503 2342 sicut
538 2291 708 2358 ipsam
745 2291 907 2343 habet
944 2299 1106 2343 status
1147 2292 1439 2344 claustralis
1477 2292 1841 2359 perfectorum.

462 2437 590 2478 OAP.
630 2438 770 2478 VIII.
830 2440 850 2460 α
880 2440 1060 2490 August.
1098 2439 1143 2478 in
1170 2451 1291 2478 serm.
1324 2438 1388 2477 II
1420 2439 1471 2478 de
1500 2439 1704 2478 communi
1740 2438 1843 2478 Vita
1875 2438 2143 2478 Olerieorum.

387 2510 544 2564 (opp,
563 2515 659 2551 tom.
683 2511 733 2558 V,
774 2511 906 2552 Serm.
933 2511 1154 2551 GOOLVI
1173 2525 1220 2563 p.
1244 2514 1357 2554 1384
1360 2511 1389 2562 )
1534 2509 1551 2533 ²²
1585 2512 1707 2565 Corp.
1739 2512 1822 2552 iar.
1853 2526 1944 2552 can.
1973 2512 2143 2552 Decret.

379 2597 427 2636 p.
459 2584 523 2623 II
551 2584 593 2624 0.
625 2584 736 2624 XII
761 2598 828 2637 qu.
861 2589 882 2625 1
925 2598 1018 2636 cap.
1050 2583 1237 2624 XVIII
1255 2598 1302 2636 p.
1335 2587 1443 2626 683.-
1484 2584 1718 2625 Olericatus
1754 2598 1836 2625 non
1873 2585 2043 2625 tollitur
2072 2586 2143 2632 etv,

389 2657 462 2709 qai
490 2657 635 2697 volant
660 2657 813 2698 habere
842 2657 1010 2711 aliquid
1032 2658 1270 2710 propriam.
1303 2680 1357 2686 —
1393 2657 1512 2698 Certe
1549 2671 1622 2711 eyo
1652 2672 1762 2706 sam,
1794 2660 1867 2711 qui
1895 2662 2140 2710 statueram,

387 2729 548 2770 numam
579 2731 781 2771 ordenare
809 2730 1020 2778 clericum,
1057 2732 1139 2771 nisi
1169 2731 1241 2783 qai
1270 2744 1426 2771 meeum
1455 2731 1581 2772 vellet
1607 2746 1788 2780 manere,
1817 2736 1866 2773 ut
1893 2733 1931 2772 si
1959 2732 2086 2772 vellet
2114 2747 2143 2772 a

381 2804 604 2856 proposito
635 2804 860 2856 discedere,
892 2808 1004 2844 recte
1033 2804 1104 2845 illi
1133 2803 1324 2844 tollerem
1362 2803 1619 2845 clericatum.
1679 2806 1792 2845 Ecce
1837 2806 1882 2845 in
1921 2810 2142 2858 conspeetu

387 2877 474 2917 Dei
503 2880 545 2917 et
571 2880 706 2917 vestro
736 2881 849 2917 mato
887 2877 1117 2918 consilium.
1185 2879 1269 2930 Qui
1314 2877 1459 2918 volwnt
1501 2878 1667 2930 aliquid
1710 2879 1862 2919 habere
1898 2881 2139 2932 propriam,

389 2950 535 3003 quibas
563 2963 644 2990 non
672 2950 840 3006 suffieit
867 2950 986 2991 Deus
1030 2955 1071 2991 et
1113 2951 1291 2992 ecclesia
1322 2952 1430 2998 eius,
1475 2955 1683 2999 maneam,
1719 2952 1791 2992 ubi
1829 2952 1974 2993 volwnt
2002 2956 2044 2992 et
2070 2953 2142 2993 aba·

381 3027 572 3076 possunt,
599 3037 683 3064 non
711 3024 771 3064 eie
800 3024 953 3077 aufero
984 3023 1242 3071 clericam,
1273 3024 1370 3064 nolo
1400 3024 1552 3064 habere
1576 3026 1808 3078 ypocritas.
1857 3025 2027 3065 Malwm
2056 3040 2141 3066 esse

388 3098 480 3150 quis
516 3098 700 3138 neseiat?
749 3096 919 3137 Malwm
956 3100 1018 3137 est
1054 3085 1205 3137 cadere
1243 3111 1271 3137 a
1294 3098 1538 3151 propositO,
1583 3098 1657 3138 sed
1678 3099 1803 3150 peius
1843 3102 1906 3139 est
1939 3098 2141 3139 simulare

379 3171 658 3224 propositum.

213 3299 250 3325 ¹⁶
278 3301 587 3358 imperfeccius
602 3302 713 3345 ΑΟα
803 3301 1097 3356 inperfeccius
1118 3299 1161 3360 β,
1208 3302 1281 3343 bat
1315 3302 1362 3343 in
1392 3317 1451 3342 er.
1484 3306 1576 3350 out,
1614 3302 1740 3342 above
1776 3303 1813 3342 it
1840 3303 1969 3355 ayain
1997 3302 2059 3343 im
2090 3299 2141 3361 β3

115 3381 123 3396 “’
162 3375 277 3417 crist.
295 3372 394 3435 Οαβ
467 3374 572 3417 3661.
593 3375 724 3427 (ud.)
745 3374 860 3416 crist.
878 3377 921 3415 Α
1057 3372 1093 3397 ¹⁸
1122 3375 1397 3417 imitantibus
1416 3377 1477 3417 Οα
1543 3379 1783 3430 sequentes
1799 3372 1876 3434 Αβ
1994 3372 2031 3398 ¹⁹
2060 3376 2139 3417 im-

108 3451 111 3453 ’
138 3448 204 3490 rf.
220 3445 330 3507 ΑΟβ
407 3447 668 3504 perfecciori
685 3464 713 3491 α
848 3444 887 3469 2⁰
917 3446 1332 3508 011361ν31131111οαβ
1406 3449 1783 3496 abservabantA,
1823 3463 1886 3502 ep.
1918 3463 2011 3503 cap.
2041 3449 2145 3489 VII

125 3508 164 3563 s.
195 3525 264 3576 49,
297 3526 352 3565 54
384 3523 470 3564 and
500 3526 556 3564 58
673 3517 709 3543 ²¹
739 3534 818 3576 pro
849 3521 1051 3577 ingressu
1067 3522 1178 3564 Αοα
1239 3535 1319 3576 per
1347 3521 1594 3577 ingressum
1611 3519 1642 3581 β

1682 3592 1772 3636 33*
