2528 4074
305 354 407 402 790
1031 347 1242 388 GENER
1251 347 1336 387 AL
1365 347 1581 388 INDEX.

1358 488 1543 530 Ordines
1561 489 1868 543 possessionati
1889 489 2104 532 seducunt
2122 490 2323 534 dominos
2370 483 2372 486 ’

1412 546 1629 588 seculares
1659 547 1713 588 de
1743 560 1820 587 suo
1851 546 2040 588 dominio
2070 548 2138 590 33.

304 490 421 531 Ordo
451 490 705 532 clericorum
735 489 807 531 dei
838 490 932 532 101.

304 570 357 576 --
389 547 568 588 frivolus
599 549 666 589 96.

308 626 358 632 —
380 603 561 645 flatrum
582 610 731 646 contra
751 604 1010 645 secularium
1029 603 1144 645 vicia
1162 603 1269 658 fuga

1356 624 1409 633 -
1439 603 1609 646 solliciti
1637 609 1738 645 sunt
1765 604 1879 644 circa
1906 603 2091 646 honores
2121 606 2190 647 57.

362 661 577 702 medicina
606 663 674 704 55.
1356 683 1408 689 -
1439 665 1588 702 sancte
1618 661 1771 702 vivant
1800 662 1867 702 98.

309 740 359 747 -
390 717 624 773 fugiendus
654 723 720 760 est
749 720 846 760 474.
1358 740 1410 746 —
1438 717 1597 771 privati
1625 731 1750 772 sepes
1778 722 1879 759 sunt
1909 718 2004 759 102.

307 797 360 803 —
391 775 543 816 stultos
573 775 770 816 distrahit
798 776 895 817 474.
1363 796 1409 804 —-
1441 774 1620 815 stabiliti
1647 788 1726 829 per
1753 775 1884 816 deum
1915 776 1982 816 98.

309 831 476 873 -dinis
505 833 696 873 cristiani
724 832 896 873 reliccio
927 833 995 873 96.
1360 853 1410 859 —-
1426 831 1834 873 reducendisuntad
1842 832 2234 887 religionemCristi
2249 834 2320 875 60.

308 914 358 920 ——
391 890 633 930 membrum
670 889 917 930 absolutum
953 901 980 928 a
1010 902 1269 942 quocunque
1359 909 1411 916 -—
1440 893 1625 942 peccant
1642 889 1732 943 legi
1752 889 1821 930 dei
1841 889 2139 932 conclusiones
2157 890 2323 944 addenf

364 946 541 987 crimine
570 947 667 987 452.
1411 949 1478 985 tes
1508 945 1604 986 212.

309 1025 360 1032 —
392 1003 496 1043 novi
525 1002 876 1044 conventiculum
898 1002 1151 1042 dissolutum
1173 1002 1268 1043 225.
1360 1023 1411 1029 -—
1441 1002 1545 1042 novi
1573 1002 1807 1043 introducti
1837 1004 1904 1044 88.

307 1082 360 1088 —
391 1059 573 1100 membri
616 1073 723 1113 opus
766 1059 843 1100 toti
881 1059 1047 1113 corpori
1079 1059 1271 1100 tribuen-
1359 1081 1410 1086 —
1442 1059 1680 1112 antiquitus
1709 1059 1887 1101 stabiliti
1916 1061 1984 1102 89.

365 1116 468 1156 (111111
499 1121 564 1157 est
594 1117 690 1158 325.
1015 1118 1018 1122 “
1362 1137 1410 1143 —-
1441 1115 1599 1169 privati
1625 1116 1741 1170 ipsos
1769 1121 1946 1158 servant
1974 1117 2042 1158 61.
2406 1131 2407 1134 ’
2468 1137 2471 1164 ÷

309 1196 359 1202 —
391 1173 678 1214 conservandi
712 1173 982 1214 inordinatus
1019 1185 1139 1214 amor
1174 1173 1270 1214 227.
1359 1195 1411 1200 —
1442 1173 1488 1212 in
1518 1172 1649 1214 deum
1677 1174 1980 1227 blasphemant
2007 1173 2104 1216 212.
2469 1199 2472 1230 4

325 1253 358 1258 —
391 1230 495 1271 novi
524 1243 641 1271 error
669 1230 948 1285 corrigendus
979 1235 1044 1271 est
1072 1231 1168 1272 225.
1360 1252 1411 1257 —
1450 1230 1725 1285 circumsepti
1759 1230 2021 1273 iuvamentis
2057 1232 2240 1275 ecclesie
2277 1238 2327 1275 et
2463 1245 2472 1261 -¹

308 1286 509 1328 —dinem
537 1287 765 1342 antiquum
791 1288 1038 1342 relinquere
1067 1289 1164 1328 463.
1415 1287 1660 1328 racionibus
1688 1288 1914 1330 vivacibus
1943 1289 2011 1329 89.
2408 1295 2409 1298 ’
2470 1293 2473 1298 ⁴

307 1366 361 1374 —
390 1345 491 1385 Iesu
522 1344 646 1386 eristi
677 1349 794 1386 secte
820 1345 981 1386 tollunt
1010 1346 1078 1386 96.
1363 1366 1413 1372 -
1445 1344 1679 1385 adulterini
1708 1346 1804 1387 298.
2393 1342 2399 1369 ⁷
2466 1335 2481 1497 ξ

308 1424 360 1430 -
393 1402 532 1442 exteri
561 1401 803 1443 defendunt
832 1404 927 1444 333.
1361 1424 1412 1430 —
1450 1415 1587 1442 novos
1629 1403 1814 1444 fundare
1851 1416 1942 1444 non
1980 1403 2172 1445 audebat
2208 1403 2326 1446 Pau·
2391 1422 2398 1451 ς
2477 1427 2479 1431 -

307 1481 361 1487 -
394 1459 528 1499 frater
556 1459 654 1513 plus
684 1464 802 1500 amat
831 1472 963 1513 quam
991 1472 1038 1500 se
1069 1460 1165 1500 332.
1414 1458 1483 1499 lus
1511 1460 1606 1501 301.
2241 1510 2246 1515 Ι
2477 1442 2486 1479 ²

307 1515 362 1556 de
393 1516 553 1557 —dine
582 1517 820 1570 Hospitalis
849 1516 1049 1557 sacerdos
1079 1518 1176 1558 269.
1362 1537 1413 1544 —-
1463 1516 1557 1557 sine
1594 1517 1853 1559 auctoritate
1891 1516 2055 1558 domini
2088 1516 2327 1560 introducti
2395 1542 2398 1562 ;
2471 1516 2482 1569 ξὶ

308 1572 488 1614 —dines
524 1575 781 1627 perturbant
817 1574 1109 1614 sinceritatem
1148 1573 1274 1614 Cristi
1416 1573 1513 1613 298.
2410 1595 2414 1622 ;

365 1630 526 1671 ordinis
561 1631 628 1671 61.
1361 1653 1412 1658 —
1444 1630 1686 1672 subiectare
1724 1635 1790 1672 est
1822 1631 1868 1671 in
1896 1630 2106 1673 nichilum
2133 1633 2331 1687 perverti
2398 1631 2414 1651 ³
2483 1662 2485 1696 3

306 1710 360 1716 —-
394 1686 521 1728 Cristi
548 1687 746 1741 regulam
775 1692 1030 1741 pervertunt
1060 1688 1127 1728 57.
1417 1688 1513 1729 333.
2066 1708 2071 1714 ·
2477 1703 2479 1706 ·

278 1758 290 1766 ·
308 1768 360 1774 -
394 1757 543 1785 omnes
571 1749 709 1785 status
738 1745 783 1784 in
805 1744 930 1785 Cristi
949 1745 1134 1786 ecclesia
1153 1757 1180 1785 a
1199 1744 1272 1785 do·
1361 1767 1413 1773 —-
1445 1745 1685 1785 secundum
1703 1749 1874 1799 partem
1892 1745 2104 1788 facientes
2118 1746 2327 1802 culpandi
2402 1753 2406 1763 ⁸
2476 1702 2491 1847 ι

365 1801 481 1842 mino
511 1801 785 1842 confirmatos
816 1815 910 1843 esse
938 1806 1097 1856 putant
1126 1802 1193 1843 61.
1416 1806 1518 1842 sunt
1547 1803 1642 1843 326.

308 1882 362 1887 —
393 1858 646 1899 ordinantur
684 1859 740 1899 ad
776 1860 1046 1913 sequendum
1086 1858 1272 1900 Cristum
1361 1882 1413 1887 —-
1445 1858 1640 1913 dispositi
1675 1860 1873 1901 arraliter
1906 1865 1956 1902 ut
1995 1861 2220 1902 incurrant
2260 1861 2331 1902 in-

365 1920 410 1957 et
438 1915 495 1956 ad
524 1916 631 1957 alios
661 1916 906 1957 acuendum
935 1917 991 1957 ad
1019 1917 1101 1957 hoc
1130 1917 1198 1957 26.
1417 1917 1726 1971 gratitudinem
1754 1919 1850 1959 365.
1872 1951 1874 1953 ,

326 1995 359 2000 -
393 1973 565 2013 variant
593 1986 620 2013 a
649 1978 768 2014 secta
799 1973 925 2014 Gristi
955 1975 1022 2015 25.
1362 1996 1413 2001 —
1444 1974 1605 2028 ingrati
1635 1975 1730 2015 363.

310 2053 360 2058 --
392 2030 552 2084 privati
581 2030 812 2072 elevantur
843 2032 938 2072 102.
1363 2053 1413 2060 ——
1446 2031 1652 2072 deserunt
1680 2035 1843 2072 sectam
1865 2031 1993 2073 Cristi
2019 2036 2070 2074 ut
2087 2032 2231 2074 minus
2249 2033 2329 2074 bo-
2398 2029 2411 2054 ³

311 2110 362 2115 —
393 2087 440 2127 in
470 2087 612 2128 colore
644 2092 689 2129 et
715 2087 856 2143 figura
884 2089 1108 2130 variantur
1137 2089 1205 2130 27.
1415 2101 1518 2129 nam
1550 2090 1645 2130 363.

311 2167 362 2172 ——
394 2145 604 2185 anticristi
636 2146 731 2187 193.
1361 2168 1412 2174 —
1443 2146 1547 2186 novi
1566 2146 1721 2187 melius
1738 2146 2003 2188 manualiter
2022 2150 2197 2188 orarent
2225 2148 2323 2189 345.
2414 2183 2415 2186 ,

309 2225 362 2230 -
395 2202 581 2243 ordinati
609 2202 666 2243 ad
693 2203 964 2257 sequendum
986 2203 1171 2244 Cristum
1201 2205 1270 2245 26.
1362 2225 1414 2231 -—-
1444 2203 1726 2258 magnificant
1761 2204 2062 2245 obedienciam
2097 2216 2222 2245 suam
2264 2204 2331 2245 di-
2399 2247 2409 2263 13

310 2282 361 2287 —-
394 2259 513 2300 exire
543 2260 611 2300 45.
1417 2265 1584 2312 centes,
1612 2260 1759 2314 *ipsam
1797 2261 2013 2302 excellere
2050 2274 2179 2303 omne
2216 2274 2328 2316 opus
2404 2302 2407 2303 γ

308 2339 363 2344 —
393 2316 599 2371 superflui
628 2322 673 2358 et
701 2329 728 2358 a
755 2322 879 2371 patre
907 2317 1124 2358 mendacii
1153 2318 1272 2358 adin·
1416 2317 1695 2370 meritorium,
1728 2318 1845 2373 quod
1863 2318 2069 2359 secularis
2097 2323 2244 2373 posset
2261 2318 2330 2360 fa-
2387 2316 2390 2317 ⁷

365 2374 488 2414 venti
517 2374 584 2415 26.
1416 2387 1515 2416 cere
1545 2377 1642 2416 306.
2244 2382 2248 2383 ’

311 2453 364 2459 -—
394 2444 483 2471 non
513 2430 700 2485 diligunt
728 2431 950 2472 dominum
979 2432 1126 2473 Iesum
1157 2434 1223 2474 61.
1361 2454 1414 2460 —
1443 2431 1616 2486 fingunt
1650 2433 1906 2474 miraculum
1943 2433 1997 2474 de
2025 2432 2128 2474 vitis
2152 2433 2330 2488 patroni

314 2511 364 2515 —
394 2488 619 2529 incurrunt
647 2489 881 2529 anathema
912 2490 980 2530 61.
1418 2491 1515 2530 307.

314 2567 364 2573 —
387 2545 535 2598 culpat
553 2545 806 2599 ignor-ancia
824 2547 898 2587 vel
916 2547 1182 2601 ingratitudo
1204 2549 1271 2588 61.
1362 2569 1414 2575 —
1447 2547 1565 2588 exire
1596 2548 1692 2588 314.
2399 2590 2408 2594 ,,

314 2625 364 2630 —-
386 2602 572 2643 fundant
586 2615 710 2643 suam
725 2603 997 2645 dotacionem
1011 2604 1057 2644 in
1073 2604 1273 2645 oracione
1363 2626 1414 2632 —
1445 2604 1641 2645 novellos
1668 2603 1878 2645 reducere
1903 2604 1960 2645 ad
1986 2617 2142 2658 puram
2159 2609 2328 2648 sectam

369 2660 465 2700 347.
1419 2660 1545 2702 Cristi
1574 2661 1671 2702 224.

312 2739 363 2745 -
394 2716 593 2757 vendunt
620 2716 756 2757 solide
785 2717 1030 2758 oracionem
1060 2719 1156 2759 347.
1362 2741 1415 2747 —-
1446 2719 1501 2759 ab
1531 2718 1772 2774 ewangelio
1802 2718 2049 2761 discordant
2077 2721 2174 2762 369.
2214 2741 2217 2744 ⁴

314 2797 363 2802 —
382 2773 550 2814 faciunt
565 2774 1159 2816 occasionalitermultabona
1174 2777 1272 2817 454.
1363 2798 1414 2804 —
1444 2780 1724 2830 patronorum
1746 2776 1885 2817 'nichil
1913 2777 2066 2818 valent
2093 2777 2192 2818 468.

312 2854 365 2858 —
397 2830 541 2871 facere
572 2830 712 2871 multa
730 2832 846 2872 bona
866 2831 920 2872 de
942 2845 1104 2886 genere
1124 2833 1274 2874 viden·
1362 2856 1415 2862 —-
1445 2833 1549 2874 novi
1578 2846 1728 2874 omnes
1746 2838 1848 2874 sunt
1865 2834 2097 2888 participes
2114 2834 2162 2874 in
2181 2846 2328 2876 errore
2404 2859 2406 2861 -

368 2892 439 2928 tur
458 2889 557 2929 480.
1419 2891 1515 2932 225.

312 2968 365 2974 -—
396 2945 593 2986 alborum
629 2949 674 2986 et
706 2945 929 3000 nigrorum
965 2946 1273 2988 monachorum
1365 2970 1415 2976 —-
1445 2947 1609 2988 habent
1636 2947 1932 2988 habitaciones
1959 2948 2154 3002 proprias
2182 2950 2279 2990 369.

370 3002 574 3043 differunt
603 3003 700 3044 455.
1364 3027 1415 3033 -
1445 3005 1549 3046 novi
1584 3005 1755 3045 fundati
1787 3010 2011 3059 tamquam
2047 3005 2329 3060 septuaginta

310 3071 367 3088 —·-
424 3059 642 3113 precando
698 3060 797 3113 plus
850 3061 1046 3102 officiunt
1093 3062 1274 3103 ecclesie
1419 3061 1504 3103 duo
1535 3062 1735 3116 discipuli
1763 3063 1861 3104 369.

368 3129 501 3170 quam
527 3116 759 3171 proficiunt
787 3119 882 3159 347.
1364 3142 1416 3147 —
1446 3119 1610 3160 novelli
1637 3119 1908 3174 degenerant
1933 3120 1980 3160 in
2007 3119 2121 3160 dono
2139 3119 2327 3162 sciencie

312 3195 365 3202 --
396 3174 555 3227 privati
581 3175 837 3228 perturbant
866 3175 1095 3216 ecclesiam
1124 3177 1221 3217 480.
1419 3177 1515 3218 220.
2407 3206 2411 3207 ⁷

313 3253 367 3259 —
397 3231 578 3272 fratrum
596 3229 735 3285 regna
754 3232 916 3273 debent
936 3233 1156 3287 expellere
1176 3234 1273 3274 462.
1363 3256 1415 3262 —-
1446 3234 1608 3275 debent
1628 3234 1888 3288 participare
1906 3234 2120 3276 adiutorio
2141 3233 2327 3276 ecclesie
2407 3240 2422 3293 ζ

314 3310 367 3316 -
397 3288 589 3342 privatos
618 3288 853 3330 dissolvere
881 3291 979 3331 479.
1419 3292 1515 3332 224.
2404 3303 2406 3306 ’

1362 3370 1416 3376 -
1445 3362 1535 3389 11011
1562 3347 1734 3388 fundati
1760 3348 1807 3388 in
1835 3348 2008 3390 domino
2037 3349 2136 3391 224.
2281 3391 2284 3394 .

1363 3425 1414 3432 —
1450 3405 1615 3446 novelli
1647 3405 1746 3458 plus
1781 3410 1930 3447 amant
1965 3405 2159 3447 ordinem
2193 3417 2322 3448 suum

1417 3475 1548 3516 quam
1577 3462 1773 3504 ordinem
1801 3463 2051 3504 cristianum
2080 3463 2177 3505 226.

316 3368 367 3372 —
383 3345 688 3398 possessionati
703 3346 860 3387 callide
877 3351 1028 3388 emunt
1035 3347 1272 3388 dominium

370 3402 566 3443 seculare
597 3404 664 3444 33.

314 3481 368 3487 —
398 3464 500 3500 sunt
527 3459 689 3500 falsarii
719 3460 903 3501 dominis
931 3461 1114 3502 terrenis
1144 3462 1212 3503 33.
