2528 4074
855 405 1159 445 GENERAL
1191 405 1223 444 I
1233 405 1426 445 NDEX.

111 548 236 602 Papa
264 548 447 591 incurrit
474 548 708 603 multiplex
727 548 1012 590 homicidium
1042 550 1100 590 ci-

171 610 365 647 tatorum
397 607 495 649 552.

19 674 31 707 ζ.
114 686 166 694 -
200 665 365 706 excitat
383 665 584 706 homines
604 664 662 706 ad
681 665 975 720 pugnandum
999 667 1097 708 603.

114 745 169 751 —
201 723 338 764 nichil
369 723 447 775 dat
477 724 575 765 691.

0 798 23 833 f
114 804 167 810 —
199 781 309 822 deus
339 781 501 823 mixtus
531 780 606 822 vel
636 780 748 822 deus
781 781 828 822 in
848 782 975 823 terris
998 784 1096 825 691.

0 851 53 891 ..⁴³1
111 860 167 868 —-
197 839 305 880 citat
334 840 392 881 ad
420 840 644 880 infernum
676 841 775 883 689.

111 921 164 926 —
195 897 425 952 signanter
455 897 614 939 dicitur
642 902 811 939 tectum
842 900 940 940 395.

102 978 164 991 7-
195 955 372 997 videtur
401 955 593 998 candere
623 956 859 999 luciferina
889 958 1097 1013 superbia

167 1018 212 1055 et
241 1014 484 1068 cupiditate
514 1015 775 1068 symoniaca,
801 1017 900 1058 690.

109 1095 164 1102 -
193 1077 322 1127 pater
349 1074 652 1115 sanctissimus
683 1075 782 1116 691.

47 1130 49 1170 ἶ
108 1153 163 1161 —-
194 1135 239 1172 et
269 1131 464 1187 episcopi
494 1131 660 1174 debent
688 1146 891 1189 pugnare
920 1134 968 1175 in
987 1138 1096 1176 tem·

167 1202 273 1244 pore
304 1190 416 1246 legis
448 1191 597 1247 gracie
629 1192 727 1234 626.

46 1286 49 1293 ,
112 1270 158 1277 -
195 1250 489 1292 communiter
518 1253 586 1291 est
614 1251 831 1304 prescitus
863 1251 961 1292 257.

107 1332 160 1338 —
192 1307 320 1348 radix
351 1313 397 1350 et
425 1309 519 1350 vita
550 1309 736 1351 ecclesie
768 1310 866 1352 558.

108 1387 161 1396 -
193 1379 284 1407 non
314 1371 382 1408 est
410 1380 544 1409 verus
574 1367 779 1410 sacerdos
810 1369 908 1411 258.

107 1446 160 1453 —
190 1437 379 1479 peccare
409 1440 499 1468 non
529 1426 691 1481 poterit
721 1428 819 1468 691.

107 1505 160 1512 —
194 1487 261 1524 est
288 1488 502 1538 patronus
533 1485 640 1527 cleri
670 1485 838 1527 cesarei
870 1486 967 1528 173.

15 1563 20 1568 ·
54 1583 58 1585 ,
86 1553 159 1595 (-
190 1542 350 1598 refuga
398 1544 611 1585 mentitur
655 1556 712 1585 ex
755 1545 1094 1599 presumpcione

163 1601 400 1643 temeraria
430 1604 529 1645 350.

58 1693 74 1700 -
107 1682 155 1688 -
190 1660 472 1702 mendacium
501 1661 549 1702 in
579 1662 814 1706 abstracto.
832 1667 899 1704 est
935 1664 1033 1705 349.

107 1740 159 1746 —
193 1731 284 1759 non
315 1723 383 1760 est
414 1719 544 1761 Oristi
573 1721 766 1762 vicarius
799 1722 897 1763 349.

107 1799 158 1805 —
178 1789 413 1831 perversus
429 1779 680 1821 anticristus
698 1784 743 1821 et
759 1779 976 1834 dyabolus
993 1782 1091 1823 349.

44 1885 46 1887 .
106 1858 160 1864 —
193 1835 277 1877 deo
309 1841 355 1878 et
385 1837 572 1879 ecclesie
602 1838 817 1880 mentitur
847 1841 946 1882 351.

105 1917 156 1923 —
191 1895 404 1936 mentitur
432 1896 743 1952 indulgencias
774 1897 921 1940 dando
953 1900 1052 1941 340.

108 1976 153 1982 -—
192 1958 321 2008 pater
349 1955 572 1997 mendacii
604 1957 704 1998 349.

30 2019 33 2022 ’
105 2035 158 2041 -
190 2012 380 2054 seminat
409 2014 643 2056 mendacia
673 2015 720 2057 in
740 2015 889 2058 verbis
920 2017 1094 2072 scriptis

162 2074 208 2112 et
237 2071 332 2112 vita
364 2073 462 2114 680.

104 2152 158 2158 —
205 2129 253 2170 in
297 2131 492 2173 moribus
542 2132 735 2174 maxime
787 2133 1022 2190 elongatus
1068 2147 1095 2176 a

162 2187 303 2230 Cristo
335 2190 433 2231 680.

105 2247 441 2289 ——seculariter
462 2249 691 2291 extollitur
710 2263 844 2305 supra
865 2251 1096 2306 quodlibet

161 2319 350 2362 regnum
380 2307 535 2348 mundi
566 2309 664 2350 684.

58 2362 62 2364 ’
105 2388 158 2394 —-
190 2365 428 2420 precipuus
456 2366 661 2408 inimicus
693 2366 823 2409 Cristi
855 2369 953 2411 680.

53 2438 57 2442 ’
105 2446 157 2453 -
191 2423 351 2465 dicitur
379 2425 571 2467 condere
601 2426 764 2468 multas
793 2427 918 2483 leges
950 2428 1049 2470 682.

104 2505 156 2512 —
190 2496 281 2524 non
289 2482 427 2525 audet
437 2483 608 2540 erigere
619 2489 754 2540 caput
759 2486 986 2541 proprium
995 2488 1094 2530 683.

103 2565 159 2571 —
189 2542 353 2583 multas
383 2543 555 2584 animas
583 2544 772 2598 perdere
803 2545 963 2587 dicitur
994 2547 1092 2587 683.

106 2624 144 2630 —
191 2601 354 2642 cesaris
383 2602 640 2657 ymaginem
672 2616 763 2644 non
784 2604 977 2646 ostendit
993 2606 1093 2646 467.

104 2682 158 2688 —
193 2658 392 2712 destruit,
415 2660 535 2714 quod
555 2661 670 2702 alius
696 2661 974 2705 confirmavit
995 2664 1094 2705 249.

106 2741 157 2747 -—
193 2718 410 2773 superbus
442 2720 540 2761 127.

104 2799 159 2805 ——
191 2776 432 2818 introducit
462 2784 698 2820 extraneas
729 2784 873 2820 sectas
904 2779 1003 2822 602.

104 2858 158 2865 -
191 2835 238 2876 in
266 2836 415 2877 verbis
445 2849 580 2891 supra
599 2837 781 2879 Petrum
813 2838 970 2880 crescit
996 2839 1092 2881 127.

106 2917 159 2922 —
191 2894 348 2935 ovibus
380 2893 511 2936 Oristi
539 2908 751 2937 onerosus
783 2897 881 2938 127.

46 2982 50 3006 5
104 2975 154 2982 -
189 2952 316 2994 radix
354 2957 400 2994 et
434 2959 570 3009 caput
614 2954 801 2996 ecclesie
847 2955 1094 3011 malignan-

162 3012 280 3052 cium
311 3013 410 3054 559.

105 3092 159 3100 —
190 3069 329 3112 herba
360 3070 522 3112 nociva
552 3070 740 3113 ecclesie
772 3051 902 3114 Cristi
934 3074 1032 3115 559.
1106 3105 1108 3107 »

104 3151 159 3157 -
191 3129 354 3171 furtive
384 3129 562 3184 fugiens
594 3131 692 3172 551.

104 3210 159 3216 —
191 3192 326 3243 caput
355 3188 541 3229 ecclesie
573 3201 670 3230 esse
700 3202 792 3230 non
820 3193 968 3244 potest
990 3190 1088 3232 559.
1136 3217 1138 3240 a

107 3268 159 3275 —
192 3250 398 3301 apostata
426 3259 454 3288 a
485 3246 615 3288 Cristi
642 3246 811 3303 regulis
843 3249 944 3290 608.

106 3328 159 3334 —
193 3317 359 3360 egenos
389 3305 551 3360 spoliat
579 3317 660 3360 per
688 3305 923 3347 mendacia
954 3308 1053 3349 557.

106 3386 161 3393 —
192 3363 429 3418 precipuus
459 3363 712 3406 anticristus
743 3365 843 3406 671.

107 3445 160 3452 -
191 3421 376 3477 impedit
403 3422 608 3464 volentes
638 3422 963 3479 ewangelizare
995 3424 1093 3467 670.

108 3503 160 3510 -
193 3485 415 3536 quatenus
446 3481 700 3523 anticristus
730 3482 829 3524 680.

8 3587 9 3590 Ἴ
26 3550 47 3574 ,r
108 3562 160 3569 —
184 3543 318 3594 caput
337 3551 471 3594 supra
491 3552 668 3581 omnem
688 3539 978 3582 habitabilem
995 3542 1093 3584 670.

35 3618 38 3622 ⁴
109 3621 159 3629 —
192 3598 420 3653 precipere
450 3597 700 3653 capitaliter
718 3612 810 3640 non
832 3598 965 3641 debet
995 3601 1093 3643 669.

1135 3243 1139 3292 ἱ

1136 3613 1140 3638 l

2070 411 2173 458 793

1188 549 1315 603 Papa
1344 563 1435 590 non
1466 553 1533 590 est
1563 548 1788 590 sufficiens
1829 550 1886 590 ad
1918 551 2174 606 eligendum

1247 607 1331 648 sibi
1361 607 1609 649 cardinales
1641 608 1739 648 674.

1189 688 1242 694 —
1275 665 1422 706 labilis
1451 666 1498 705 in
1528 669 1761 719 peccatum
1794 666 1892 706 677.

1190 746 1242 752 -
1266 723 1402 764 habet
1427 723 1716 764 affeccionem
1734 723 1995 764 inclinatam
2010 725 2175 766 mundo

1189 783 1364 881 -ssigidn
1393 839 1606 881 fundatus
1626 840 1674 881 in
1692 839 1872 881 racione
1895 844 1940 881 et
1960 841 2176 895 scriptura

1186 899 1453 1012 -ssggiulus
1484 956 1735 998 anticristus
1767 957 1865 999 687.

1133 1020 1137 1025 ’
1189 1040 1237 1045 -
1272 1015 1341 1057 vir
1370 1015 1641 1070 temptabilis
1672 1015 1771 1057 677.

1186 1099 1240 1104 —
1258 1074 1396 1116 vellet
1416 1074 1662 1116 extundere
1681 1074 2034 1117 iurisdiccionem
2050 1087 2176 1116 suam

1242 1146 1323 1187 per
1348 1137 1488 1174 totam
1508 1130 1798 1175 habitabilem
1820 1138 1864 1175 et
1883 1147 1964 1189 per
1983 1146 2175 1175 vacuum

1242 1191 1464 1233 infinitum
1495 1193 1594 1233 688.

1186 1274 1238 1279 —
1273 1250 1402 1291 Cristi
1430 1250 1522 1292 vite
1562 1250 1797 1292 manifeste
1835 1251 2079 1292 contrarius
2110 1256 2178 1292 est

1187 1310 1363 1408 —Gizlgn
1395 1371 1530 1421 caput
1561 1367 1748 1408 ecclesie
1782 1368 1850 1409 64.

1184 1450 1237 1455 ——
1272 1426 1390 1467 solus
1420 1430 1568 1480 potest
1597 1425 1802 1467 ordinare
1824 1426 2176 1481 archiepiscopos

1185 1485 1487 1598 —2ZZtronos
1525 1543 1759 1585 canonizat
1795 1543 1870 1584 vel
1909 1543 2177 1585 determinat

1185 1602 1372 1702 —lgffis
1409 1661 1500 1702 suis
1538 1660 1725 1716 precipit
1769 1660 1928 1702 fratres
1974 1660 2175 1702 occidere

1186 1720 1455 1820 —lzgzgstulit
1484 1778 1772 1820 medietatem
1802 1778 1975 1819 romani
2003 1778 2177 1833 imperii

1187 1838 1491 1951 —Gggomodo
1523 1896 1696 1937 admitti
1725 1900 1872 1950 potest
1902 1896 2001 1937 260.

1185 1979 1238 1984 -
1271 1969 1411 1996 unum
1431 1955 1620 2010 precipit
1641 1959 1686 1997 et
1706 1954 1976 1996 contrarium
1992 1954 2176 1995 mandat

1187 2014 1423 2114 —11gri'onet
1468 2084 1642 2113 cesares
1688 2071 1746 2113 ad
1793 2071 2047 2113 ducendum
2092 2072 2173 2113 sibi

1242 2131 1417 2172 frenum
1449 2132 1548 2173 690.

1184 2214 1239 2220 -—
1271 2190 1394 2231 ducit
1432 2194 1478 2231 et
1515 2189 1722 2231 conducit
1760 2189 1922 2231 milites
1962 2189 2017 2231 de
2048 2190 2175 2231 bonis

1244 2261 1493 2304 pauperum
1525 2250 1623 2291 687.

1183 2330 1237 2337 —-
1271 2308 1524 2349 anticristus
1555 2320 1652 2360 esse
1683 2311 1830 2362 potest
1861 2307 1960 2349 547.

1182 2390 1238 2395 —-
1271 2379 1299 2408 a
1330 2366 1470 2408 Gristo
1500 2380 1591 2408 non
1620 2366 1758 2408 habet
1786 2365 1954 2408 citandi
1983 2370 2175 2420 potesta-

1241 2430 1333 2467 tem
1365 2426 1463 2467 551.

1185 2508 1236 2513 -
1271 2484 1454 2525 mandat
1485 2484 1657 2539 angelis
1690 2485 1795 2537 5563
1830 2485 1928 2525 688.

1184 2567 1237 2573 a*
1271 2543 1552 2597 perturbator
1581 2541 1702 2597 pacis
1734 2542 1922 2584 ecclesie
1956 2543 2054 2584 563.

1184 2626 1236 2630 —
1272 2602 1487 2643 decrescit
1524 2602 1571 2642 in
1610 2601 1818 2656 operibus
1856 2602 1979 2643 Petri
2019 2601 2173 2642 vicarii

1185 2661 1531 2774 —lffpzoliativus
1561 2731 1810 2773 pauperum
1844 2720 1941 2761 127.

1185 2802 1238 2806 -
1260 2778 1467 2819 iniuriam
1483 2790 1608 2819 suam
1624 2777 1823 2819 vindicat
1842 2778 1887 2818 in
1904 2778 2173 2819 effundendo

1242 2837 1519 2893 sangwinem
1551 2838 1654 2878 608.

1183 2920 1237 2925 —
1269 2895 1403 2937 fidem
1433 2896 1652 2937 subvertit
1683 2897 1781 2938 601.

1183 2978 1237 2984 —
1275 2954 1751 3009 pseudosacerdotibus
1803 2953 1951 2995 renuit
1995 2953 2174 3008 pacien-

1239 3014 1354 3054 ciam
1386 3018 1431 3055 et
1461 3014 1691 3055 caritatem
1722 3014 1820 3055 607.

1182 3096 1235 3101 —
1267 3077 1456 3127 uterque
1488 3072 1669 3127 patulus
1700 3071 1952 3113 anticristus
1985 3073 2082 3113 595.

1183 3155 1236 3160 —-
1269 3136 1449 3186 propter
1476 3132 1648 3172 lucrum
1677 3130 1909 3185 perturbat
1939 3130 2174 3172 ecclesiam

1186 3191 1471 3303 —Oggduitur
1499 3261 1654 3303 regem
1683 3247 1966 3289 luciferinum
1998 3249 2097 3290 608.

1185 3331 1238 3337 —
1270 3307 1510 3362 proditorie
1542 3307 1762 3348 consentit
1791 3307 1982 3360 dyabolo
2015 3307 2112 3349 602.

1136 3374 1138 3382 ¹
1185 3390 1238 3395 ——
1269 3380 1377 3407 num
1404 3366 1452 3406 in
1479 3378 1670 3421 persona
1685 3366 1865 3420 propria
1884 3370 2034 3407 servat
2053 3378 2174 3406 man-

1243 3424 1349 3466 data
1380 3425 1510 3466 Oristi
1541 3425 1639 3466 601.

1186 3507 1239 3513 -—
1270 3484 1473 3538 ypocrita
1501 3483 1733 3538 perturbat
1763 3482 1997 3524 ecclesiam
2030 3484 2127 3525 596.

1185 3565 1238 3572 ——
1271 3547 1420 3597 posset
1450 3542 1639 3584 faciliter
1669 3542 1752 3583 sibi
1782 3542 2012 3596 acquirere
2034 3555 2174 3597 regna

1242 3601 1397 3642 mundi
1427 3602 1525 3643 576.
