2528 4074
310 343 415 390 780

308 480 543 521 Manifesta
586 480 757 521 cecacio
807 479 994 522 demonii
1044 479 1272 521 meridiani

310 538 612 691 —dgstiyalzliiji
631 600 733 635 sunt
752 595 932 635 abbates
952 594 1114 648 priores
1133 598 1270 634 secta-

369 665 464 692 rum
581 682 591 692 .

1037 337 1334 378 GENE'RAL
1366 336 1584 376 INDEX.

1356 477 1576 519 Medicina
1606 478 1662 518 ad
1691 478 1999 519 vindicandum
2034 478 2237 520 iniuriam
2274 479 2321 520 in

1416 535 1601 576 ecclesia
1630 540 1695 576 est
1723 535 1865 589 posita
1894 536 1992 577 466.
2304 543 2306 546 ’

1359 615 1411 634 —.
1442 592 1498 632 ad
1533 592 1814 633 recolendum
1849 597 1916 634 est
1950 592 2247 646 temporalitas
2277 597 2322 634 et
2395 620 2398 622 -
2460 610 2464 667 Ξ

1416 649 1625 690 securitas
1654 651 1754 694 243.

307 708 575 750 —stissimus
594 709 886 762 prevaricator
905 708 951 748 in
981 707 1126 748 omnia
1153 720 1271 748 man·
1312 726 1316 779 ᾖ
1360 728 1411 734 -
1443 706 1608 759 optima
1637 711 1786 748 contra
1815 707 1968 748 fratres
1999 710 2066 747 est
2093 705 2202 748 fides
2229 707 2299 748 65.

366 765 470 807 data
500 765 699 820 decalogi
727 777 843 819 papa
875 766 968 806 130.

307 823 476 863 Mansio
506 828 718 876 perpetua
746 836 834 863 non
863 826 930 862 est
957 821 1086 863 sectis
1116 822 1184 862 74.

306 879 572 920 Manualiter
601 884 775 920 orarent
804 878 958 919 melius
978 878 1150 919 ordines
1168 878 1272 919 novi

305 994 519 1034 Manuum
554 992 774 1045 imposicio
811 1005 898 1032 non
934 992 1178 1033 necessaria
1215 992 1271 1032 ad

365 1049 550 1101 salutem
582 1051 677 1090 623.

309 1107 458 1147 —ibus
486 1106 746 1147 secularium
767 1105 1271 1147 dominium·restitutum

362 1169 428 1204 est
458 1164 554 1205 279.

309 1244 356 1250 —
391 1220 572 1274 propriis
601 1220 798 1261 laborare
831 1221 929 1262 197.

302 1278 477 1318 Marcas
509 1279 562 1318 10
591 1277 686 1332 regi
714 1277 883 1318 solvere
915 1278 1010 1319 103.

304 1347 485 1375 —arum
514 1334 652 1375 multa
678 1335 798 1375 milia
816 1334 978 1389 Anglia
997 1335 1205 1389 expendit
1223 1335 1269 1375 in

360 1392 574 1433 ministros
605 1391 816 1432 anticristi
845 1392 943 1433 400.

249 1445 251 1453 '
301 1449 515 1500 Martires,
547 1449 826 1500 confessores,
856 1449 1047 1503 virgines
1078 1451 1144 1491 79.

300 1511 526 1560 tamquam
548 1519 671 1547 —res
691 1511 808 1547 secte
829 1506 982 1547 fratres
1003 1507 1164 1547 occisos
1178 1520 1268 1548 non

361 1576 518 1617 capere
549 1563 710 1603 debent
740 1565 836 1604 250.

302 1621 486 1661 Martirii
515 1633 647 1660 causa
678 1621 776 1662 601.

299 1678 445 1718 Mater
482 1677 608 1718 Gristi
645 1677 800 1718 eadem
836 1690 1023 1731 persona
1059 1690 1164 1719 vere
1202 1683 1268 1719 est

300 1804 451 1833 -rem
480 1792 644 1845 prefert
675 1791 838 1832 Cristus
872 1793 968 1834 165.

299 1849 487 1889 Materia
517 1849 570 1889 de
600 1850 849 1903 purgatorio
887 1852 977 1891 146.

302 1929 354 1934 —
400 1906 616 1946 balbutita
658 1911 801 1960 potest
844 1919 940 1947 esse
984 1907 1041 1948 ad
1081 1908 1265 1949 ecclesie

357 1963 630 2004 commodum
659 1965 756 2005 289.

298 2021 345 2060 in
374 2043 431 2049 -——
460 2021 699 2075 purgatorii
727 2025 941 2075 temptare
971 2021 1146 2075 spiritus
1169 2023 1262 2064 149.

297 2078 585 2118 Materialiter
654 2079 869 2132 quomodo
943 2078 1115 2120 ordines
1180 2080 1267 2120 sint

362 2135 538 2175 amandi
567 2136 664 2176 228.

296 2192 556 2233 Maturiacio
586 2198 904 2247 apostematum
930 2198 1146 2234 sectarum
1166 2195 1263 2235 353.

299 2250 501 2290 Meandri
528 2250 647 2291 mille
677 2250 888 2291 anticristi
917 2252 1014 2292 556.

299 2306 560 2347 Mechantur
603 2308 804 2348 monachi
846 2322 945 2349 cum
989 2307 1176 2360 dyabolo
1219 2309 1265 2348 in

357 2364 544 2405 basilicis
574 2364 772 2406 domibus
802 2371 846 2406 et
874 2365 1071 2406 claustris
1103 2366 1198 2407 135.

303 2443 358 2449 -—
387 2434 501 2475 pape
531 2435 630 2462 cum
661 2422 847 2475 dyabolo
881 2424 976 2465 130.

298 2478 473 2519 Mechia
501 2479 733 2532 spiritualis
762 2493 862 2520 cum
892 2479 1077 2533 dyabolo
1106 2480 1264 2521 multos

360 2536 528 2576 seducit
560 2538 654 2578 135.

298 2592 524 2634 Mediante
543 2594 703 2634 virtute
714 2594 951 2635 cristianus
971 2599 1119 2635 servat
1137 2595 1262 2636 deca·

357 2650 507 2704 logum
538 2651 633 2691 124.

298 2707 495 2747 Medium
525 2707 871 2748 efficacissimum
899 2722 976 2762 pro
998 2708 1262 2749 execucione

356 2764 578 2818 religionis
607 2765 846 2806 communis
879 2766 977 2807 492.

300 2843 354 2849 -
371 2821 547 2874 dyaboli
560 2821 617 2862 ad
631 2822 925 2863 reducendum
940 2822 1150 2876 populum
1166 2824 1262 2864 675.

305 2901 349 2906 —
386 2879 442 2919 ad
470 2880 721 2920 terrendum
754 2885 1004 2933 peccatores
1040 2892 1161 2920 amor
1199 2885 1265 2921 est

299 2992 651 3034 ——diasectarum
667 2993 723 3034 ad
737 2994 954 3048 simplices
967 2993 1262 3035 seducendum

307 3130 358 3134 —
389 3107 565 3148 fallacia
592 3108 772 3148 fratrum
802 3110 898 3150 353.

302 3187 352 3191 —
387 3164 562 3216 dyaboli
587 3165 759 3206 noviter
787 3165 1034 3206 machinata
1063 3167 1160 3207 421.

301 3243 355 3249 —
385 3222 698 3263 antecedencia
727 3223 784 3263 ad
802 3223 1118 3264 beatitudinem
1139 3223 1234 3263 149.

1360 785 1412 791 —
1445 763 1630 804 ecclesie
1660 769 1726 804 est
1753 764 1898 805 unitas
1927 764 2024 805 380.
2090 779 2092 783 ’

1357 819 1555 860 Medicus
1583 820 1816 873 spiritualis
1852 821 1910 862 ad
1944 820 2224 862 sanacionem
2252 832 2321 862 ec·
2404 844 2406 849 ι
2467 828 2469 884 j

1415 876 1546 917 clesie
1576 877 1788 918 niteretur
1817 879 1913 920 352.

1359 955 1410 961 ——
1423 938 1611 974 evacuat
1618 935 1938 988 superfluitates
1952 934 2207 976 intrinsecas
2221 935 2319 976 352.

1356 989 1639 1088 Μῗςῖἱθὲἓέθω
1667 992 1836 1032 romani
1852 991 2025 1046 imperii
2041 1003 2158 1046 papa
2176 992 2321 1034 abstu-

1431 1060 1446 1086 1
1581 1078 1591 1088 .
2118 1077 2122 1080 .

1356 1103 1513 1144 Melior
1548 1109 1614 1144 est
1649 1104 1802 1158 religio
1840 1104 1968 1146 eristi
2005 1117 2139 1160 quam
2180 1106 2320 1160 priva·
2413 1088 2416 1089 ⁷
2472 1112 2473 1115 ’

1411 1165 1554 1201 torum
1583 1166 1863 1214 patronorum
1893 1163 1960 1203 34.

1358 1218 1496 1258 —lius
1525 1218 1760 1260 serviretur
1786 1218 1970 1277 ecclesie
1987 1219 2118 1261 sectis
2136 1219 2320 1262 dimissis
2407 1251 2411 1255 -
2468 1225 2472 1254 i

1415 1276 1509 1316 193.

1356 1354 1409 1359 -
1441 1332 1626 1373 eeclesia
1654 1333 1869 1387 reperitur
1895 1345 2074 1375 cesarea
2106 1333 2320 1389 dignitate
2402 1387 2403 1391 Ἰ
2468 1314 2478 1386 ¹,

1413 1390 1508 1430 614.

1353 1445 1599 1487 Membrum
1627 1461 1765 1488 unum
1785 1447 1910 1501 regni
1932 1461 2022 1489 non
2040 1447 2323 1503 dampnificata

1410 1503 1627 1558 reliquum
1637 1510 1642 1514 ”
1656 1505 1752 1546 242.

1355 1583 1407 1588 —
1440 1574 1575 1602 unum
1603 1562 1808 1616 quodque
1844 1562 1970 1617 reg-ni
1986 1562 2220 1616 *reliquum
2247 1561 2320 1604 ad·
2406 1576 2409 1578 ·

1411 1618 1534 1659 iuvat
1564 1619 1660 1660 242.
2199 1649 2202 1651 -

1354 1675 1490 1715 —bra
1519 1675 1696 1729 dyaboli
1728 1677 1822 1718 135.

1355 1754 1407 1760 —
1439 1732 1616 1785 dyaboli
1645 1733 1737 1787 ipse
1767 1733 1981 1786 dyabolus
2008 1738 2112 1775 sunt
2144 1735 2243 1777 699.

1358 1812 1408 1818 ——
1439 1789 1615 1842 dyaboli
1645 1790 1873 1845 exstirpari
1901 1790 2065 1832 debent
2091 1791 2190 1834 464.

1356 1869 1404 1874 —
1437 1853 1654 1888 sectarum
1690 1852 1859 1902 partem
1895 1852 2047 1890 contra
2072 1848 2221 1890 Iesum
2258 1849 2319 1890 fa-

1411 1904 1532 1945 Ciunt
1561 1907 1656 1947 303·
1930 1922 1936 1927 ⁶
2395 1931 2408 1962 ζ’

1355 1985 1407 1990 -
1440 1961 1617 2014 dyaboli
1630 1968 1732 2004 sunt
1745 1967 1890 2017 partes
1906 1962 2123 2004 exercitus
2137 1963 2206 2004 sui
2219 1964 2319 2005 325.
2373 1961 2378 1966 '

1352 2041 1406 2047 —
1437 2019 1648 2074 sinagoge
1685 2020 1867 2062 sathane
1903 2020 2088 2062 fundata
2122 2019 2171 2062 in
2199 2033 2318 2062 men·
2398 2062 2400 2067 ,

1419 2076 1543 2117 dacio
1574 2079 1671 2119 353.

1354 2155 1405 2162 -κ
1446 2134 1629 2176 ecclesie
1668 2134 1794 2175 Cristi
1829 2134 2014 2176 fundata
2047 2134 2094 2175 in
2129 2134 2316 2176 veritate
2392 2128 2395 2130 ’

1352 2271 1406 2277 -
1437 2248 1658 2289 divisionis
1688 2249 1871 2290 ecclesie
1900 2248 2150 2291 coincidunt
2179 2249 2277 2291 708.

1351 2328 1403 2334 —
1436 2305 1646 2347 anticristi
1674 2307 1892 2348 manifesti
1919 2306 2096 2360 dyaboli
2123 2307 2220 2348 368.
2378 2339 2391 2354 2

1352 2386 1404 2391 —
1436 2363 1624 2417 corporis
1662 2364 1770 2405 deus
1807 2363 2018 2418 disposuit
2044 2363 2092 2405 in
2119 2363 2317 2406 armonia
2379 2394 2394 2409 ,,.

1349 2477 1496 2518 —bris
1525 2490 1677 2519 carens
1707 2478 1881 2532 spiritus
1910 2479 2007 2520 392.

1348 2535 1522 2575 Mencio
1552 2535 1752 2589 specialis
1781 2535 1836 2577 de
1865 2535 2069 2577 fratribus
2099 2537 2166 2578 79.
2387 2572 2389 2575 Α

1352 2615 1404 2620 -
1454 2592 1577 2632 nulla
1625 2593 1680 2634 de
1728 2593 1857 2634 sectis
1905 2593 1951 2633 in
1981 2597 2090 2639 rtoto
2138 2605 2317 2648 corpore

1406 2650 1616 2703 scripture
1646 2650 1730 2691 nisi
1758 2650 2035 2704 reprobativa
2065 2651 2133 2693 79.

1349 2706 1628 2748 Mendacium
1657 2708 1935 2749 manifestum
1954 2707 2008 2749 de
2028 2707 2318 2763 indulgenciis
2368 2723 2389 2738 -·

1409 2765 1506 2806 573.
2369 2775 2371 2778 “

1352 2844 1404 2849 -
1434 2821 1719 2875 ypocriticum
1748 2826 1964 2862 sectarum
1993 2823 2091 2864 264.

1351 2901 1405 2906 —
1434 2883 1652 2920 sectarum
1680 2878 1849 2919 seducit
1878 2879 2108 2921 ecclesiam
2137 2880 2236 2922 264.

1352 2958 1403 2964 -—
1435 2936 1535 2977 leve
1564 2935 1810 2977 cavendum
1839 2938 1936 2978 349.

1352 3016 1403 3021 ——
1435 2993 1655 3047 sepultum
1685 2998 1752 3034 est
1779 2994 1825 3034 in
1854 2994 2075 3036 monachis
2103 2995 2202 3037 351.

1352 3073 1404 3078 —
1435 3050 1783 3104 pseudofratrum
1810 3053 1908 3093 406.

1355 3132 1402 3136 —
1435 3108 1617 3149 fratrum
1646 3109 1722 3161 983
1754 3110 1851 3150 708.
2367 3141 2383 3172 ἰ,

1353 3188 1404 3193 ——
1435 3165 1617 3206 fratrum
1652 3164 1839 3206 Cristum
1873 3166 2019 3208 taliter
2045 3165 2316 3210 mendicas-o
2357 3183 2366 3194 ·»
2379 3179 2387 3182 “

1408 3222 1519 3263 sicut
1546 3222 1661 3276 ipsos
1692 3224 1790 3264 367.
2049 3238 2057 3247 “
2368 3231 2370 3233 ’
2392 3227 2395 3230 ’

301 3300 355 3306 —
377 3278 433 3319 ad
452 3279 767 3320 beatitudinem
787 3285 832 3321 et
850 3280 1151 3335 indulgencias
1169 3281 1264 3321 149.
1306 3272 1310 3337 Ι
1353 3302 1400 3308 —
1422 3279 1701 3320 manifestum
1716 3279 1771 3320 de
1784 3280 2066 3335 indulgencia
2075 3279 2203 3322 Oristi
2216 3260 2314 3329 598.
2341 3271 2346 3275 ’
2363 3278 2382 3321 ..ἲ

304 3357 356 3363 -
386 3336 443 3375 ad
472 3336 776 3390 decipiendum
803 3338 1014 3391 populum
1042 3350 1070 3378 a
1088 3337 1266 3391 prelatis

357 3392 602 3434 introducta
632 3395 728 3436 259.

298 3448 520 3491 Medicina
534 3451 725 3492 libidinis
732 3451 1001 3505 hospitalitas
1009 3452 1182 3493 videtur
1196 3453 1264 3493 55.

1355 3360 1405 3364 —
1438 3337 1637 3377 ordinum
1665 3337 1833 3378 seducit
1859 3337 2036 3380 stolidos
2065 3338 2163 3380 348.

1355 3417 1404 3422 -——
1437 3394 1704 3435 levissimum
1740 3399 1806 3435 est
1833 3395 2026 3436 iocosum
2053 3394 2128 3437 vel
2154 3393 2316 3437 officio-
2388 3394 2394 3398 ”

1410 3464 1505 3491 sum
1535 3451 1632 3492 349.
