2528 4074
150 306 242 346 cap.
274 289 357 346 H]
739 288 832 328 DE
859 287 1227 327 RELIGIONE
1252 288 1443 326 PRJVA
1452 288 1526 326 TA
1559 287 1599 327 Ι.
2083 293 2189 340 493

293 436 631 502 Assumptum
686 434 757 483 sic
812 433 1068 498 arguitur:
1126 432 1288 482 omnis
1327 439 1697 498 contempnens
1737 433 1927 497 eligere
1965 435 2192 484 medium

149 525 245 576 sibi
283 525 460 591 apcius
497 539 591 589 pro
631 521 940 571 execucione
978 520 1240 585 religionis
1279 519 1563 569 communis
1602 527 1660 568 ut
1698 520 1769 569 sic
1808 527 1994 585 peccat
2005 538 2016 580 3
2075 538 2192 571 cum

150 630 269 679 ergo
322 611 482 661 omnis
533 609 828 678 ingrediens
879 607 1177 672 religionem
1233 607 1492 673 privatam
1529 607 1584 656 in
1622 607 1693 657 sic
1734 603 2028 672 eligendo1⁸
2067 607 2195 658 facit

147 699 435 750 huiusmodi
473 703 838 762 contemptum,
879 695 1109 761 sequitur
1147 701 1468 760 assumptum
1506 694 1850 760 probandum.

105 807 130 846 5
289 786 443 837 Patet
480 783 850 850 consequencia
889 800 1007 833 cum
1045 783 1226 832 maiori
1266 789 1317 832 et
1353 782 1519 831 minor
1557 799 1651 848 per
1687 783 1801 844 hoc,
1852 782 1989 849 quod
2028 783 2191 832 omnis

143 875 434 941 ingrediens
486 871 785 937 religionem
838 871 1098 938 privatam
1152 870 1472 936 contempnit
1524 870 1714 935 eligere
1767 871 1996 920 medium
2058 870 2191 920 illud

145 979 236 1029 pro
275 961 583 1012 execucione
620 958 879 1024 religionis
919 958 1217 1019 communis,
1250 964 1267 1017 ΙΙ
1298 958 1435 1025 (111οᾰ
1473 965 1647 1024 patres
1685 958 1945 1024 primitive
1973 957 2188 1008 ecclesie
2214 965 2227 1007 Ιέ
2253 966 2470 1007 Osa-18⁵0

145 1058 262 1100 ante
298 1047 738 1100 introduccionem
774 1045 1033 1111 religionis
1071 1046 1273 1111 private
1313 1052 1644 1096 asseruerunt
1680 1046 1734 1095 in
1769 1063 1921 1111 opere
1950 1063 2059 1096 esse
2085 1063 2188 1095 me-

78 1153 81 1156 ’
145 1138 286 1188 dium
339 1135 750 1186 efficacissimum
801 1132 1035 1184 omnibus
1088 1133 1341 1184 cristianis
1404 1150 1498 1199 pro
1564 1133 1876 1183 execucione
1927 1134 2189 1200 religionis

79 1245 130 1284 10
146 1224 444 1276 communis.

1036 1398 1182 1448 GAP.
1221 1398 1288 1447 II.

290 1545 445 1596 Item:
484 1544 662 1610 religio
688 1545 894 1610 privata
924 1544 1144 1595 includit
1179 1545 1234 1594 in
1261 1562 1315 1595 se
1341 1544 1689 1595 excellencius
1716 1544 1995 1594 stulticiam
2023 1544 2184 1605 illam,

0 1681 2 1693 s
86 1650 100 1655 ”
147 1651 301 1701 quam
352 1632 570 1683 includit
627 1632 682 1681 in
734 1649 786 1682 se
834 1633 943 1683 vita
995 1633 1200 1699 privata
1253 1632 1513 1693 secularis,
1571 1649 1724 1699 quam
1763 1632 1891 1682 facit
1927 1632 2042 1698 ipsa
2080 1633 2189 1683 vita

147 1721 409 1780 secularis3
452 1714 596 1770 0111111
635 1736 756 1784 ergo
788 1719 898 1770 vita
923 1720 1129 1786 privata
1155 1720 1400 1771 secularis
1425 1727 1638 1787 propter
1662 1719 1822 1770 talem
1847 1720 2186 1771 inclusionem

148 1817 224 1860 est
260 1807 545 1875 culpabilis,
604 1807 845 1873 sequitur,
888 1808 1025 1874 quod
1063 1808 1242 1873 religio
1283 1809 1491 1875 privata
1529 1815 1741 1874 propter
1778 1808 2073 1860 huiusmodi
2113 1810 2187 1859 in-

0 1896 2 1934 {
79 1914 129 1952 15
146 1896 421 1947 elusionem
459 1901 535 1945 est
570 1894 687 1960 plus
727 1894 1017 1960 culpabilis,

286 1983 440 2033 Patet
476 1983 849 2049 consequencia
889 1990 940 2032 et
977 1984 1143 2033 minor
1179 2001 1273 2050 per
1310 1984 1423 2045 hoc,
1467 1984 1604 2050 quod
1637 1980 1778 2034 vita2
1811 1985 2018 2051 privata
2044 2002 2186 2035 secu-

141 2071 262 2122 laris
310 2070 529 2120 includit
578 2069 632 2119 in
685 2087 738 2120 se
792 2069 1181 2122 observanciam
1233 2072 1411 2138 regule
1459 2072 1684 2122 humane
1724 2072 2008 2123 secundum
2047 2090 2186 2122 men-

140 2176 309 2209 suram
362 2157 521 2219 illam,
578 2175 680 2225 qua
717 2175 887 2209 errore
932 2160 1262 2227 perceptibili
1299 2160 1385 2210 vel
1422 2159 1822 2227 imperceptibili
1860 2161 2070 2227 ponitur
2118 2161 2184 2211 ab

121 2236 340 2296 ¹homine
403 2246 458 2296 in
511 2263 619 2297 esse
681 2247 860 2313 regule
913 2247 981 2297 ad
1035 2248 1330 2298 ducendum
1384 2248 1606 2298 viatores
1669 2248 1736 2298 ad
1790 2248 2180 2299 beatitudinem.

66 2349 122 2389 20
135 2333 302 2384 Maior
352 2351 473 2384 vero
527 2335 599 2385 sic
638 2335 892 2400 arguitur:
950 2353 1114 2397 omne,
1173 2336 1309 2403 quod
1348 2336 1570 2387 includit
1605 2337 1659 2386 in
1699 2354 1750 2387 se
1791 2335 2182 2388 observanciam

134 2421 355 2471 stulticie
402 2429 453 2471 et
496 2429 672 2473 votum
722 2422 789 2472 ad
841 2423 988 2474 illam
1027 2423 1433 2486 obsewanciam,
1481 2424 1703 2474 includit
1739 2425 1794 2474 in
1833 2442 1885 2475 se
1925 2425 2182 2475 excellen-

133 2509 242 2560 cius
279 2509 556 2560 stulticiam
593 2509 740 2560 illam
779 2528 933 2578 quam
971 2511 1118 2573 illud,
1176 2513 1314 2579 quod
1351 2513 1573 2563 includit
1609 2513 1664 2562 in
1698 2529 1750 2562 se
1788 2512 2181 2564 observanciam

131 2596 269 2647 illius
308 2597 529 2647 stulticie
568 2605 619 2647 et
655 2615 760 2648 non
797 2606 975 2649 votum
1015 2599 1080 2649 ad
1120 2600 1288 2661 illam;
1340 2618 1457 2651 cum
1498 2617 1619 2666 ergo
1660 2602 1823 2651 omnis
1861 2601 2041 2667 religio
2081 2603 2182 2668 pri-

131 2691 256 2734 vata
291 2684 512 2735 includit
541 2685 596 2735 in
622 2703 674 2736 se
702 2686 1090 2738 observanciam
1118 2688 1296 2754 regule
1322 2688 1548 2738 humane
1575 2690 1859 2739 secundum
1887 2707 2182 2739 mensuram

61 2787 116 2827 25
130 2771 291 2834 illam,
333 2790 435 2839 qua
473 2790 640 2824 errore
678 2774 1006 2841 perceptibili
1043 2776 1128 2826 vel
1164 2776 1566 2843 imperceptibili
1612 2777 1821 2843 ponitur
1868 2777 1934 2827 ab
1974 2778 2181 2828 homine

130 2859 186 2909 in
216 2877 323 2910 esse
361 2861 538 2926 regule
577 2862 645 2912 ad
685 2863 977 2913 ducendum
1004 2864 1225 2914 viatores
1265 2864 1332 2914 ad
1358 2863 1733 2915 beatitudinem
1761 2873 2029 2932 tamquam
2057 2866 2179 2916 stul-

130 2946 304 2996 ticiam
344 2954 396 2997 et
431 2955 609 2999 votum
648 2949 714 3000 ad
752 2950 912 3011 illam,
970 2958 1021 3001 et
1058 2952 1166 3002 vita
1203 2953 1411 3018 privata
1450 2953 1695 3003 secularis
1733 2953 1994 3004 includit&
2032 2954 2087 3003 in
2125 2971 2178 3003 se

128 3033 295 3100 ipsam
333 3034 721 3088 observanciam
758 3045 1023 3105 tamquam
1061 3040 1339 3091 stulticiam
1379 3041 1486 3090 sine
1525 3048 1645 3091 voto
1685 3041 1754 3090 ad
1780 3058 1909 3102 eam,
1951 3041 2180 3108 sequitur

130 3122 291 3172 maior
326 3123 611 3189 probanda.

59 3225 115 3265 30
274 3209 429 3261 Item:
486 3213 648 3262 omnis
685 3213 865 3279 religio
905 3214 1140 3280 obligans
1179 3234 1327 3266 suum
1366 3217 1721 3282 professorem,
1780 3217 1903 3266 dum
1944 3226 2020 3267 est
2060 3218 2175 3268 sub-

246 3352 283 3377 ¹⁸
314 3356 521 3412 eligendo
539 3355 649 3416 ΑΟβ
707 3358 997 3414 ingrediendo
1017 3377 1046 3402 α

249 3429 376 3469 ΟΑΡ.
409 3430 479 3470 ΙΙ.
539 3427 555 3452 ¹
587 3444 687 3472 cum
705 3429 881 3489 Οαβ,ΑῙ
903 3434 980 3484 (l)
1001 3447 1110 3474 corr.
1142 3435 1254 3475 lalel·
1283 3437 1370 3475 into
1403 3437 1469 3476 the
1501 3439 1587 3475 text
1647 3449 1723 3475 om.
1742 3437 1785 3475 Α
1905 3433 1923 3457 2
1952 3436 2046 3478 vita
2064 3435 2174 3487 ΑΘΒ

188 3514 264 3541 om.
289 3519 316 3544 α
437 3498 456 3524 ³
484 3502 670 3544 includit
687 3506 748 3546 Oa
811 3519 888 3546 om.
907 3504 982 3564 Αβ
