2528 4074
92 777 107 820 ι,
122 777 197 810 Ast:
205 777 277 819 fot.
294 776 357 810 441>

378 369 478 418 702
1078 364 1395 405 JOHANNJS
1434 363 1666 412 WJcLJF,
2138 358 2247 417 [cap.
2279 362 2372 402 111
2413 333 2419 338 ⁵

519 512 603 562 Sic
642 511 776 561 enim
814 511 1212 575 nigromanticus
1248 517 1418 575 posset
1449 509 1666 559 fundare
1697 508 1965 567 fallaciter,
2006 507 2142 574 quod
2178 506 2368 557 cristia-

376 616 470 649 nus
522 598 675 648 debet
725 614 840 647 cum
891 597 1172 646 iuramento
1217 595 1348 646 falso
1385 613 1591 660 negare,
1625 595 1885 645 dominum
1921 594 2091 648 Iesum
2129 592 2366 652 Orism,
2424 604 2427 606 ’
2489 611 2494 658 ss

378 684 496 750 quia
519 683 700 733 Petrus
739 683 809 731 sic
846 682 1076 742 fecerat,c
1114 682 1198 748 qui
1234 681 1342 731 istis
1379 681 1566 731 sanctis
1591 680 1922 746 propinquius
1960 686 2163 730 secutus
2185 678 2368 747 *filei-at
2495 740 2499 754 Ι

379 770 699 820 salvatorem.
731 774 748 826 ΙΙ
777 767 879 818 Sed
918 774 1111 816 certum
1150 773 1238 826 est,
1280 767 1415 832 quod
1440 784 1543 816 non
1578 767 1633 816 in
1669 767 1765 816 hoc
1800 772 2002 816 secutus
2037 766 2207 815 fuerat
2242 765 2370 815 veri·
2427 776 2429 778 ’
2494 824 2497 832 1

379 862 551 905 tatem.
591 886 659 891 -——
699 853 769 902 Et
806 853 983 902 eodem
1021 853 1171 901 modo
1211 852 1398 902 dicitur
1435 853 1498 902 de
1522 852 1700 912 Paulo,
1742 852 1827 918 qui
1855 852 2119 917 profitetur
2153 851 2182 900 I
2205 850 2368 901 Timo.
2420 860 2429 887 ἑ
2495 843 2498 857 ’

381 936 457 1001 1,ά
494 940 628 1006 quod
674 946 850 989 contra
896 937 1156 987 dominum
1207 937 1597 1002 blasphemavit.
1672 937 1756 987 De
1790 937 1907 987 filiis
1945 943 2116 988 autem
2152 935 2373 986 Zebedei

379 1032 521 1090 patet
556 1024 741 1074 Matth.
772 1027 877 1084 2O‚0
915 1023 1166 1089 quomodo
1200 1041 1292 1088 per
1328 1029 1543 1073 matrem
1581 1039 1726 1072 suam
1750 1023 2038 1087 primatum
2072 1022 2251 1073 illicite
2289 1039 2372 1072 cu·
2436 1021 2437 1024 '
2499 1042 2502 1074 ι

378 1111 602 1176 piebant.
643 1141 711 1146 —
748 1110 819 1159 Et
857 1122 1038 1158 omnes
1067 1109 1150 1159 isti
1188 1108 1403 1174 apostoli
1454 1108 1599 1159 nobis
1644 1108 1902 1173 incognite
1945 1109 2070 1159 istas
2114 1114 2218 1159 tres
2261 1124 2372 1174 per-

378 1214 526 1247 sonas
579 1202 630 1246 et
680 1202 889 1245 cunctos
935 1201 1174 1260 patronos
1225 1195 1543 1246 novellorum
1596 1195 1828 1244 ordinum
1881 1194 2215 1245 excedebant.
2289 1193 2372 1245 De
2503 1169 2507 1238 ³,

379 1282 613 1332 Scarioth
651 1288 820 1330 autem
858 1287 1002 1346 patet
1046 1299 1110 1331 ex
1157 1281 1454 1346 ewangelio,
1510 1280 1647 1347 quod
1691 1277 1894 1331 secutus
1944 1280 2113 1349 fuerat
2149 1279 2372 1331 Cristum
2389 1292 2433 1335 1·¹
2491 1326 2493 1331 Α

377 1368 575 1418 incessu
611 1367 815 1432 pedum,
862 1384 1002 1432 ymo,
1042 1374 1100 1417 ut
1136 1367 1309 1417 multis
1344 1367 1536 1432 placet,
1590 1365 1924 1432 probabiliter
1959 1366 2027 1416 ad
2062 1373 2264 1432 tempus
2300 1383 2374 1416 se-
2434 1359 2437 1398 Ῐ
2506 1359 2510 1387 ³

379 1453 602 1503 cundum
638 1459 925 1518 presentem
977 1453 1229 1503 iusticiam
1276 1453 1330 1502 in
1375 1451 1599 1503 moribus
1643 1459 1846 1503 secutus
1890 1452 2060 1503 fuerat
2093 1452 2232 1503 hunc
2267 1468 2372 1502 ma·
2434 1453 2438 1459 “

379 1539 607 1604 gistrum.

521 1623 807 1674 Erubescat
841 1610 997 1689 igitur
1032 1624 1354 1690 philocaptus
1393 1641 1457 1674 ex
1494 1624 1672 1675 illicito
1711 1641 1882 1675 amore
1911 1624 2270 1692 temporalium
2309 1623 2374 1674 de

381 1711 590 1775 argucia
624 1711 722 1759 ista
757 1710 1149 1775 nigromantica:
1200 1727 1356 1776 pape,
1398 1711 1622 1776 episcopi
1659 1717 1710 1761 et
1746 1710 1974 1772 abbates,
2015 1711 2101 1778 qui
2137 1716 2374 1777 reputan-
2391 1722 2413 1761 ι
2507 1731 2515 1750 ⁴1

378 1803 462 1846 tur
498 1796 684 1857 sancti,
734 1796 805 1846 sic
842 1796 1085 1857 fecerant,
1126 1814 1245 1862 ergo
1283 1797 1438 1858 bene,
1494 1815 1610 1848 cum
1648 1797 1713 1847 de
1748 1797 1902 1848 Petro
1940 1803 1992 1848 et
2035 1797 2150 1847 aliis
2185 1795 2376 1848 sanctis
2423 1795 2431 1855 J
2507 1800 2510 1844 i

380 1899 482 1931 non
534 1882 780 1948 sequitur,
836 1899 960 1948 quos
1010 1888 1184 1932 tamen
1237 1900 1302 1933 ex
1352 1883 1451 1933 fide
1487 1890 1720 1933 tenemur
1765 1884 1971 1934 credere
2006 1900 2143 1934 nunc
2179 1881 2373 1934 beatos.
2418 1892 2441 1917 ·’

379 1966 511 2017 Istos
547 1975 719 2018 autem
765 1968 1000 2029 credunt,
1041 1969 1128 2036 qui
1173 1969 1441 2030 voluerint,
1490 1987 1599 2020 esse
1642 1977 1844 2021 sanctos
1881 1969 2158 2022 evidenciis
2193 1968 2376 2035 topicis
2400 1962 2414 1998 ’-

382 2053 508 2103 citra
542 2054 710 2104 fidem.

523 2139 647 2190 Ideo
684 2147 841 2205 patet,
882 2141 1016 2207 quod
1053 2142 1151 2191 ista
1187 2142 1397 2206 argucia
1433 2142 1679 2192 anticristi
1716 2142 1887 2214 deficit
1921 2149 2028 2192 tam
2073 2142 2127 2192 in
2163 2141 2378 2192 materia

383 2243 535 2292 quam
570 2227 624 2275 in
660 2227 838 2276 forma.
913 2226 977 2276 In
1012 2227 1227 2278 materia
1271 2228 1499 2294 quidem,
1554 2228 1674 2295 quia
1710 2229 1897 2295 accipit
1946 2228 2176 2295 apocrifa
2221 2244 2382 2280 swasa
2424 2262 2427 2265 «
2515 2283 2517 2297 Ι

383 2327 448 2360 ex
486 2312 758 2363 evidenciis
795 2314 989 2364 vocatis
1026 2314 1282 2364 miraculis
1319 2321 1582 2382 tamquam
1619 2315 1794 2375 fidem3
1836 2321 1888 2365 et
1916 2315 1970 2365 in
2001 2315 2167 2366 forma
2192 2314 2378 2375 deficit,

384 2397 502 2463 quia
538 2415 640 2447 non
677 2400 904 2449 annectit
939 2400 1164 2450 medium
1201 2418 1295 2451 nec
1320 2408 1489 2466 potest
1513 2401 1729 2467 probare
1764 2402 1946 2468 ipsum,
1973 2395 2066 2468 per
2091 2401 2228 2469 quod
2265 2409 2381 2451 con-‘-

384 2482 541 2533 clusio
578 2483 897 2549 probaretur,
938 2486 1131 2536 scilicet
1168 2487 1304 2552 quod
1341 2487 1465 2537 dicti
1502 2489 1665 2538 sancti
1707 2489 1761 2537 in
1785 2488 1905 2548 hoc,
1946 2488 2083 2555 quod
2120 2487 2389 2541 inhiarunt

384 2569 451 2618 ad
488 2571 802 2635 temporalia,
843 2572 1004 2622 secuti
1039 2572 1245 2622 fuerant
1281 2573 1543 2623 dominum
1579 2574 1750 2624 Iesum
1789 2572 2026 2624 Cristum.
2418 2578 2422 2581 ’

1243 2761 1386 2810 GAP.
1423 2762 1457 2810 I
1464 2763 1516 2812 V.

526 2884 612 2933 Ex
647 2885 756 2935 istis
792 2893 936 2951 patet
971 2887 1086 2938 luce
1124 2889 1308 2940 clarius
1344 2890 1660 2941 intuentibus
1693 2891 1976 2951 veritatem,
2015 2890 2267 2958 quomodo
2304 2905 2381 2939 ar·

383 2970 535 3033 gucia
570 2971 667 3020 ista
703 2972 1074 3037 nigromantica
1111 2993 1213 3025 non
1250 2977 1516 3026 seduceret
1565 2977 1740 3028 fideles
1785 2977 1981 3044 aliquos
2025 2994 2117 3043 per
2161 2992 2381 3027 errorem
2431 3006 2433 3010 ι

383 3054 510 3119 legis
549 3056 739 3107 domini
776 3059 843 3108 ad
881 3060 1211 3123 credendum,
1266 3063 1402 3128 quod
1453 3070 1556 3113 stat
1607 3082 1723 3114 cum
1758 3063 1850 3114 illa
1895 3063 2183 3114 sacerdotes
2229 3060 2381 3112 Oristi
2435 3088 2444 3118 ·,

384 3141 687 3193 hereditarie
723 3145 794 3194 sic
834 3146 998 3196 ditari.
1072 3147 1197 3198 Ideo
1233 3156 1392 3199 restat
1426 3150 1640 3200 recitare
1677 3150 1987 3200 secundama
2022 3149 2267 3199 infamem
2303 3163 2380 3198 ar·
2442 3137 2445 3181 Ᾰ
2516 3140 2525 3155 ”

384 3229 601 3292 guciam,
634 3235 732 3295 iper
768 3248 920 3297 quam
958 3235 1126 3298 arguit
1162 3236 1464 3296 anticristus,
1506 3237 1640 3302 quod
1671 3237 1843 3287 clerici
1867 3235 2020 3286 Cristi
2037 3235 2227 3286 *taliter
2262 3238 2382 3286 sunt
2404 3223 2445 3278 ι’

388 3314 599 3364 ditandi.

742 3448 757 3466 ⁰
787 3461 849 3498 cp.
881 3448 1035 3490 Matth.
1067 3452 1135 3497 26,
1166 3453 1219 3491 69
1235 3450 1286 3504 ff.
1403 3448 1424 3474 α
1451 3467 1487 3492 v.
1512 3455 1564 3494 13
1681 3456 1696 3475 ⁶
1724 3466 1760 3492 v.
1783 3451 1903 3506 Poff.

745 3518 871 3558 CAP.
904 3520 937 3558 I
940 3520 988 3560 V.
1039 3523 1059 3543 α
1089 3522 1160 3575 Op.
1191 3522 1314 3563 above
1342 3537 1433 3576 cagp.
1465 3524 1559 3563 III
1575 3539 1622 3577 p.
1644 3527 1722 3566 701
