<?xml version="1.0" encoding="UTF-8"?>
<!DOCTYPE html PUBLIC "-//W3C//DTD XHTML 1.0 Transitional//EN"
    "http://www.w3.org/TR/xhtml1/DTD/xhtml1-transitional.dtd">
<html xmlns="http://www.w3.org/1999/xhtml" xml:lang="en" lang="en">
 <head>
  <title>
</title>
<meta http-equiv="Content-Type" content="text/html;charset=utf-8" />
  <meta name='ocr-system' content='tesseract 3.04.00' />
  <meta name='ocr-capabilities' content='ocr_page ocr_carea ocr_par ocr_line ocrx_word'/>
</head>
<body>
  <div class='ocr_page' id='page_1' title='image "./johnwiclifspolem02wycluoft_0257.png"; bbox 0 0 2528 4074; ppageno 0'>
   <div class='ocr_carea' id='block_1_1' title="bbox 157 392 2195 469">
    <p class='ocr_par' dir='ltr' id='par_1_1' title="bbox 157 392 2195 469">
     <span class='ocr_line' id='line_1_1' title="bbox 157 392 2195 469; baseline 0.004 -41"><span class='ocrx_word' id='word_1_1' title='bbox 157 415 250 453; x_wconf 54' lang='lat' dir='ltr'>cap,</span> <span class='ocrx_word' id='word_1_2' title='bbox 281 397 350 454; x_wconf 74' lang='lat' dir='ltr'>X]</span> <span class='ocrx_word' id='word_1_3' title='bbox 653 454 667 469; x_wconf 40' lang='grc' dir='ltr'>ι</span> <span class='ocrx_word' id='word_1_4' title='bbox 993 393 1066 432; x_wconf 80' lang='lat' dir='ltr'>CR</span> <span class='ocrx_word' id='word_1_5' title='bbox 1078 392 1320 433; x_wconf 74' lang='lat' dir='ltr'><strong><em>UOIATA.</em></strong></span> <span class='ocrx_word' id='word_1_6' title='bbox 2094 402 2195 450; x_wconf 82' lang='lat'>627</span> 
     </span>
    </p>
   </div>
   <div class='ocr_carea' id='block_1_2' title="bbox 154 534 2197 784">
    <p class='ocr_par' dir='ltr' id='par_1_2' title="bbox 154 534 2197 784">
     <span class='ocr_line' id='line_1_2' title="bbox 154 534 2196 610; baseline -0.001 -12"><span class='ocrx_word' id='word_1_7' title='bbox 154 542 349 598; x_wconf 80' lang='lat' dir='ltr'>tibus1⁹</span> <span class='ocrx_word' id='word_1_8' title='bbox 385 539 550 596; x_wconf 80' lang='lat' dir='ltr'>vita²⁰</span> <span class='ocrx_word' id='word_1_9' title='bbox 588 534 843 592; x_wconf 79' lang='lat' dir='ltr'>coraule²²</span> <span class='ocrx_word' id='word_1_10' title='bbox 882 538 1043 588; x_wconf 84' lang='lat' dir='ltr'><strong>nostri</strong></span> <span class='ocrx_word' id='word_1_11' title='bbox 1082 537 1236 587; x_wconf 81' lang='lat' dir='ltr'>Cristi</span> <span class='ocrx_word' id='word_1_12' title='bbox 1273 537 1408 588; x_wconf 88' lang='lat' dir='ltr'>foret</span> <span class='ocrx_word' id='word_1_13' title='bbox 1444 555 1538 603; x_wconf 89' lang='lat' dir='ltr'>per</span> <span class='ocrx_word' id='word_1_14' title='bbox 1574 538 1745 600; x_wconf 87' lang='lat' dir='ltr'>fidem,</span> <span class='ocrx_word' id='word_1_15' title='bbox 1788 557 1943 607; x_wconf 90' lang='lat' dir='ltr'>quam</span> <span class='ocrx_word' id='word_1_16' title='bbox 1984 543 2047 592; x_wconf 90' lang='lat' dir='ltr'>de</span> <span class='ocrx_word' id='word_1_17' title='bbox 2084 544 2196 610; x_wconf 87' lang='lat' dir='ltr'>ipso</span> 
     </span>
     <span class='ocr_line' id='line_1_3' title="bbox 154 624 2196 696; baseline -0.002 -12"><span class='ocrx_word' id='word_1_18' title='bbox 154 634 313 684; x_wconf 85' lang='lat' dir='ltr'>habet</span> <span class='ocrx_word' id='word_1_19' title='bbox 349 630 587 690; x_wconf 82' lang='lat' dir='ltr'>ecclesia,</span> <span class='ocrx_word' id='word_1_20' title='bbox 629 627 783 692; x_wconf 85' lang='lat' dir='ltr'>longe</span> <span class='ocrx_word' id='word_1_21' title='bbox 820 625 1003 676; x_wconf 85' lang='lat' dir='ltr'>melius</span> <span class='ocrx_word' id='word_1_22' title='bbox 1039 624 1264 686; x_wconf 88' lang='lat' dir='ltr'>imitata,</span> <span class='ocrx_word' id='word_1_23' title='bbox 1322 625 1442 692; x_wconf 84' lang='lat' dir='ltr'>quia</span> <span class='ocrx_word' id='word_1_24' title='bbox 1480 626 1713 676; x_wconf 88' lang='lat' dir='ltr'>moderni</span> <span class='ocrx_word' id='word_1_25' title='bbox 1751 626 2000 678; x_wconf 78' lang='lat' dir='ltr'>satellites</span> <span class='ocrx_word' id='word_1_26' title='bbox 2038 631 2196 696; x_wconf 89' lang='lat' dir='ltr'>tripu-</span> 
     </span>
     <span class='ocr_line' id='line_1_4' title="bbox 156 712 2197 784; baseline -0.001 -12"><span class='ocrx_word' id='word_1_27' title='bbox 156 714 411 772; x_wconf 75' lang='lat' dir='ltr'>diantes²²</span> <span class='ocrx_word' id='word_1_28' title='bbox 459 734 551 784; x_wconf 90' lang='lat' dir='ltr'>per</span> <span class='ocrx_word' id='word_1_29' title='bbox 593 715 732 766; x_wconf 85' lang='lat' dir='ltr'>viam</span> <span class='ocrx_word' id='word_1_30' title='bbox 786 712 1098 764; x_wconf 88' lang='lat' dir='ltr'>contrariam</span> <span class='ocrx_word' id='word_1_31' title='bbox 1136 712 1392 762; x_wconf 87' lang='lat' dir='ltr'>seducunt</span> <span class='ocrx_word' id='word_1_32' title='bbox 1428 712 1676 778; x_wconf 89' lang='lat' dir='ltr'>plurimos</span> <span class='ocrx_word' id='word_1_33' title='bbox 1717 730 1747 763; x_wconf 90' lang='lat' dir='ltr'>a</span> <span class='ocrx_word' id='word_1_34' title='bbox 1788 712 1942 764; x_wconf 84' lang='lat' dir='ltr'>Cristi</span> <span class='ocrx_word' id='word_1_35' title='bbox 1980 718 2197 783; x_wconf 81' lang='lat' dir='ltr'>vestigio</span> 
     </span>
    </p>
   </div>
   <div class='ocr_carea' id='block_1_3' title="bbox 155 805 468 875">
    <p class='ocr_par' dir='ltr' id='par_1_3' title="bbox 155 805 468 875">
     <span class='ocr_line' id='line_1_5' title="bbox 155 805 468 875; baseline -0.016 -16"><span class='ocrx_word' id='word_1_36' title='bbox 155 805 468 875; x_wconf 60' lang='lat' dir='ltr'>exequenda</span> 
     </span>
    </p>
   </div>
   <div class='ocr_carea' id='block_1_4' title="bbox 70 897 2198 1848">
    <p class='ocr_par' dir='ltr' id='par_1_4' title="bbox 111 897 2198 1323">
     <span class='ocr_line' id='line_1_6' title="bbox 111 897 2195 974; baseline -0.001 -15"><span class='ocrx_word' id='word_1_37' title='bbox 111 922 136 958; x_wconf 87' lang='grc'><em>5</em></span> <span class='ocrx_word' id='word_1_38' title='bbox 294 907 367 957; x_wconf 85' lang='lat' dir='ltr'>Et</span> <span class='ocrx_word' id='word_1_39' title='bbox 403 912 651 974; x_wconf 89' lang='lat' dir='ltr'>quantum</span> <span class='ocrx_word' id='word_1_40' title='bbox 689 902 759 953; x_wconf 86' lang='lat' dir='ltr'>ad</span> <span class='ocrx_word' id='word_1_41' title='bbox 796 901 1181 953; x_wconf 81' lang='lat' dir='ltr'>absolucionem</span> <span class='ocrx_word' id='word_1_42' title='bbox 1219 897 1524 968; x_wconf 75' lang='lat' dir='ltr'>papalem23</span> <span class='ocrx_word' id='word_1_43' title='bbox 1564 908 1760 952; x_wconf 86' lang='lat' dir='ltr'>certum</span> <span class='ocrx_word' id='word_1_44' title='bbox 1800 910 1900 964; x_wconf 89' lang='lat' dir='ltr'>est,</span> <span class='ocrx_word' id='word_1_45' title='bbox 1951 906 2091 972; x_wconf 89' lang='lat' dir='ltr'>quod</span> <span class='ocrx_word' id='word_1_46' title='bbox 2129 906 2195 957; x_wconf 89' lang='lat' dir='ltr'>ab</span> 
     </span>
     <span class='ocr_line' id='line_1_7' title="bbox 151 989 2198 1064; baseline -0.001 -17"><span class='ocrx_word' id='word_1_47' title='bbox 151 997 320 1064; x_wconf 84' lang='lat' dir='ltr'>aliquo</span> <span class='ocrx_word' id='word_1_48' title='bbox 370 998 584 1060; x_wconf 88' lang='lat' dir='ltr'>peccato</span> <span class='ocrx_word' id='word_1_49' title='bbox 636 1008 740 1041; x_wconf 93' lang='lat' dir='ltr'>non</span> <span class='ocrx_word' id='word_1_50' title='bbox 791 997 963 1057; x_wconf 87' lang='lat' dir='ltr'>potest</span> <span class='ocrx_word' id='word_1_51' title='bbox 1016 989 1309 1050; x_wconf 85' lang='lat' dir='ltr'>absolvere,</span> <span class='ocrx_word' id='word_1_52' title='bbox 1367 1007 1484 1039; x_wconf 89' lang='lat' dir='ltr'>cum</span> <span class='ocrx_word' id='word_1_53' title='bbox 1538 989 1745 1055; x_wconf 88' lang='lat' dir='ltr'>spiritus</span> <span class='ocrx_word' id='word_1_54' title='bbox 1799 998 2009 1042; x_wconf 89' lang='lat' dir='ltr'>sanctus</span> <span class='ocrx_word' id='word_1_55' title='bbox 2058 993 2198 1045; x_wconf 83' lang='lat' dir='ltr'>dicat</span> 
     </span>
     <span class='ocr_line' id='line_1_8' title="bbox 149 1073 2192 1145; baseline -0 -12"><span class='ocrx_word' id='word_1_56' title='bbox 149 1083 178 1133; x_wconf 95' lang='lat' dir='ltr'>I</span> <span class='ocrx_word' id='word_1_57' title='bbox 200 1083 310 1133; x_wconf 94' lang='lat' dir='ltr'>Ioh.</span> <span class='ocrx_word' id='word_1_58' title='bbox 338 1075 565 1132; x_wconf 70' lang='lat' dir='ltr'>ultimob:</span> <span class='ocrx_word' id='word_1_59' title='bbox 606 1085 683 1130; x_wconf 89' lang='lat' dir='ltr'>est</span> <span class='ocrx_word' id='word_1_60' title='bbox 719 1085 992 1145; x_wconf 89' lang='lat' dir='ltr'>peccatum</span> <span class='ocrx_word' id='word_1_61' title='bbox 1032 1095 1193 1144; x_wconf 88' lang='lat' dir='ltr'>usque</span> <span class='ocrx_word' id='word_1_62' title='bbox 1207 1073 1254 1104; x_wconf 72' lang='lat'>24</span> <span class='ocrx_word' id='word_1_63' title='bbox 1293 1077 1361 1127; x_wconf 89' lang='lat' dir='ltr'>ad</span> <span class='ocrx_word' id='word_1_64' title='bbox 1400 1083 1632 1138; x_wconf 87' lang='lat' dir='ltr'>mortem,</span> <span class='ocrx_word' id='word_1_65' title='bbox 1674 1095 1779 1128; x_wconf 91' lang='lat' dir='ltr'>non</span> <span class='ocrx_word' id='word_1_66' title='bbox 1815 1097 1911 1145; x_wconf 86' lang='lat' dir='ltr'>pro</span> <span class='ocrx_word' id='word_1_67' title='bbox 1937 1079 2028 1130; x_wconf 92' lang='lat' dir='ltr'>illo</span> <span class='ocrx_word' id='word_1_68' title='bbox 2061 1081 2192 1144; x_wconf 81' lang='lat' dir='ltr'>dico,</span> 
     </span>
     <span class='ocr_line' id='line_1_9' title="bbox 149 1161 2195 1235; baseline 0 -16"><span class='ocrx_word' id='word_1_69' title='bbox 149 1178 205 1220; x_wconf 91' lang='lat' dir='ltr'>ut</span> <span class='ocrx_word' id='word_1_70' title='bbox 239 1175 385 1234; x_wconf 86' lang='lat' dir='ltr'>roget</span> <span class='ocrx_word' id='word_1_71' title='bbox 421 1168 547 1235; x_wconf 76' lang='lat' dir='ltr'>quiS,</span> <span class='ocrx_word' id='word_1_72' title='bbox 589 1174 641 1218; x_wconf 91' lang='lat' dir='ltr'>et</span> <span class='ocrx_word' id='word_1_73' title='bbox 664 1166 853 1217; x_wconf 91' lang='lat' dir='ltr'>Matth.</span> <span class='ocrx_word' id='word_1_74' title='bbox 886 1161 1043 1215; x_wconf 79' lang='lat'>122⁵⁶</span> <span class='ocrx_word' id='word_1_75' title='bbox 1070 1166 1195 1216; x_wconf 88' lang='lat' dir='ltr'>dicit</span> <span class='ocrx_word' id='word_1_76' title='bbox 1221 1164 1443 1215; x_wconf 83' lang='lat' dir='ltr'>Cristus:</span> <span class='ocrx_word' id='word_1_77' title='bbox 1486 1165 1573 1231; x_wconf 88' lang='lat' dir='ltr'>qui</span> <span class='ocrx_word' id='word_1_78' title='bbox 1599 1172 1772 1216; x_wconf 91' lang='lat' dir='ltr'>autem</span> <span class='ocrx_word' id='word_1_79' title='bbox 1801 1167 1990 1218; x_wconf 78' lang='lat' dir='ltr'>dixerit</span> <span class='ocrx_word' id='word_1_80' title='bbox 2016 1177 2195 1220; x_wconf 87' lang='lat' dir='ltr'>contra</span> 
     </span>
     <span class='ocr_line' id='line_1_10' title="bbox 146 1253 2195 1323; baseline 0 -15"><span class='ocrx_word' id='word_1_81' title='bbox 146 1257 376 1323; x_wconf 88' lang='lat' dir='ltr'>spiritum</span> <span class='ocrx_word' id='word_1_82' title='bbox 414 1262 651 1306; x_wconf 88' lang='lat' dir='ltr'>sanctum</span> <span class='ocrx_word' id='word_1_83' title='bbox 687 1254 920 1315; x_wconf 87' lang='lat' dir='ltr'>verbum,</span> <span class='ocrx_word' id='word_1_84' title='bbox 961 1270 1066 1303; x_wconf 94' lang='lat' dir='ltr'>non</span> <span class='ocrx_word' id='word_1_85' title='bbox 1103 1253 1393 1303; x_wconf 83' lang='lat' dir='ltr'>remittetur</span> <span class='ocrx_word' id='word_1_86' title='bbox 1432 1253 1479 1317; x_wconf 79' lang='lat' dir='ltr'>ei</span> <span class='ocrx_word' id='word_1_87' title='bbox 1511 1254 1565 1302; x_wconf 90' lang='lat' dir='ltr'>in</span> <span class='ocrx_word' id='word_1_88' title='bbox 1600 1253 1698 1304; x_wconf 88' lang='lat' dir='ltr'>hoc</span> <span class='ocrx_word' id='word_1_89' title='bbox 1736 1254 1909 1305; x_wconf 91' lang='lat' dir='ltr'>seculo</span> <span class='ocrx_word' id='word_1_90' title='bbox 1948 1273 2115 1323; x_wconf 90' lang='lat' dir='ltr'>neque</span> <span class='ocrx_word' id='word_1_91' title='bbox 2141 1258 2195 1308; x_wconf 93' lang='lat' dir='ltr'>in</span> 
     </span>
    </p>

    <p class='ocr_par' dir='ltr' id='par_1_5' title="bbox 80 1339 2194 1499">
     <span class='ocr_line' id='line_1_11' title="bbox 80 1339 2194 1413; baseline 0.002 -21"><span class='ocrx_word' id='word_1_92' title='bbox 80 1355 130 1393; x_wconf 81' lang='lat'>10</span> <span class='ocrx_word' id='word_1_93' title='bbox 144 1345 331 1394; x_wconf 84' lang='lat' dir='ltr'>futuro.</span> <span class='ocrx_word' id='word_1_94' title='bbox 395 1342 482 1393; x_wconf 86' lang='lat' dir='ltr'>Ex</span> <span class='ocrx_word' id='word_1_95' title='bbox 516 1360 618 1411; x_wconf 87' lang='lat' dir='ltr'>qua</span> <span class='ocrx_word' id='word_1_96' title='bbox 647 1343 749 1393; x_wconf 92' lang='lat' dir='ltr'>fide</span> <span class='ocrx_word' id='word_1_97' title='bbox 773 1349 921 1409; x_wconf 91' lang='lat' dir='ltr'>patet</span> <span class='ocrx_word' id='word_1_98' title='bbox 946 1340 1230 1392; x_wconf 90' lang='lat' dir='ltr'>secundum</span> <span class='ocrx_word' id='word_1_99' title='bbox 1258 1341 1639 1406; x_wconf 87' lang='lat' dir='ltr'>exposicionem</span> <span class='ocrx_word' id='word_1_100' title='bbox 1667 1339 2019 1408; x_wconf 76' lang='lat' dir='ltr'>Augustinj‚2⁶</span> <span class='ocrx_word' id='word_1_101' title='bbox 2057 1347 2194 1413; x_wconf 90' lang='lat' dir='ltr'>quod</span> 
     </span>
     <span class='ocr_line' id='line_1_12' title="bbox 142 1428 2193 1499; baseline 0.001 -17"><span class='ocrx_word' id='word_1_102' title='bbox 142 1438 415 1499; x_wconf 89' lang='lat' dir='ltr'>peccatum</span> <span class='ocrx_word' id='word_1_103' title='bbox 451 1447 613 1498; x_wconf 90' lang='lat' dir='ltr'>usque</span> <span class='ocrx_word' id='word_1_104' title='bbox 652 1430 721 1481; x_wconf 86' lang='lat' dir='ltr'>ad</span> <span class='ocrx_word' id='word_1_105' title='bbox 746 1430 900 1480; x_wconf 90' lang='lat' dir='ltr'>finem</span> <span class='ocrx_word' id='word_1_106' title='bbox 926 1429 1149 1480; x_wconf 89' lang='lat' dir='ltr'>hominis</span> <span class='ocrx_word' id='word_1_107' title='bbox 1174 1446 1512 1495; x_wconf 85' lang='lat' dir='ltr'>perseverans</span> <span class='ocrx_word' id='word_1_108' title='bbox 1540 1436 1616 1479; x_wconf 90' lang='lat' dir='ltr'>est</span> <span class='ocrx_word' id='word_1_109' title='bbox 1640 1428 2037 1493; x_wconf 70' lang='lat' dir='ltr'>irremissibile‚d</span> <span class='ocrx_word' id='word_1_110' title='bbox 2075 1451 2193 1484; x_wconf 91' lang='lat' dir='ltr'>cum</span> 
     </span>
    </p>

    <p class='ocr_par' dir='ltr' id='par_1_6' title="bbox 107 1513 2194 1674">
     <span class='ocr_line' id='line_1_13' title="bbox 107 1513 2194 1589; baseline 0.001 -19"><span class='ocrx_word' id='word_1_111' title='bbox 107 1566 112 1570; x_wconf 90' lang='lat'>.</span> <span class='ocrx_word' id='word_1_112' title='bbox 142 1520 268 1570; x_wconf 88' lang='lat' dir='ltr'>deus</span> <span class='ocrx_word' id='word_1_113' title='bbox 303 1519 620 1585; x_wconf 82' lang='lat' dir='ltr'>pertinenter</span> <span class='ocrx_word' id='word_1_114' title='bbox 657 1518 852 1579; x_wconf 87' lang='lat' dir='ltr'>asserit,</span> <span class='ocrx_word' id='word_1_115' title='bbox 893 1517 1032 1586; x_wconf 86' lang='lat' dir='ltr'>quod</span> <span class='ocrx_word' id='word_1_116' title='bbox 1070 1534 1174 1567; x_wconf 92' lang='lat' dir='ltr'>non</span> <span class='ocrx_word' id='word_1_117' title='bbox 1213 1513 1556 1568; x_wconf 85' lang='lat' dir='ltr'>dimittetur2⁷</span> <span class='ocrx_word' id='word_1_118' title='bbox 1583 1517 1639 1567; x_wconf 90' lang='lat' dir='ltr'>in</span> <span class='ocrx_word' id='word_1_119' title='bbox 1675 1517 1773 1568; x_wconf 91' lang='lat' dir='ltr'>hoc</span> <span class='ocrx_word' id='word_1_120' title='bbox 1814 1519 1987 1569; x_wconf 91' lang='lat' dir='ltr'>seculo</span> <span class='ocrx_word' id='word_1_121' title='bbox 2026 1538 2194 1589; x_wconf 89' lang='lat' dir='ltr'>neque</span> 
     </span>
     <span class='ocr_line' id='line_1_14' title="bbox 139 1600 2193 1674; baseline 0.002 -18"><span class='ocrx_word' id='word_1_122' title='bbox 139 1607 195 1657; x_wconf 89' lang='lat' dir='ltr'>in</span> <span class='ocrx_word' id='word_1_123' title='bbox 243 1606 432 1657; x_wconf 86' lang='lat' dir='ltr'>futuro.</span> <span class='ocrx_word' id='word_1_124' title='bbox 507 1607 659 1674; x_wconf 88' lang='lat' dir='ltr'>Papa</span> <span class='ocrx_word' id='word_1_125' title='bbox 711 1623 834 1673; x_wconf 87' lang='lat' dir='ltr'>ergo</span> <span class='ocrx_word' id='word_1_126' title='bbox 886 1623 991 1656; x_wconf 94' lang='lat' dir='ltr'>non</span> <span class='ocrx_word' id='word_1_127' title='bbox 1036 1604 1198 1655; x_wconf 87' lang='lat' dir='ltr'>habet</span> <span class='ocrx_word' id='word_1_128' title='bbox 1241 1612 1551 1672; x_wconf 88' lang='lat' dir='ltr'>potestatem</span> <span class='ocrx_word' id='word_1_129' title='bbox 1566 1600 1612 1632; x_wconf 75' lang='lat'>2⁸</span> <span class='ocrx_word' id='word_1_130' title='bbox 1658 1613 1935 1673; x_wconf 88' lang='lat' dir='ltr'>peccatum</span> <span class='ocrx_word' id='word_1_131' title='bbox 1972 1608 2079 1659; x_wconf 92' lang='lat' dir='ltr'>tale</span> <span class='ocrx_word' id='word_1_132' title='bbox 2117 1627 2193 1660; x_wconf 89' lang='lat' dir='ltr'>re-</span> 
     </span>
    </p>

    <p class='ocr_par' dir='ltr' id='par_1_7' title="bbox 70 1689 2192 1848">
     <span class='ocr_line' id='line_1_15' title="bbox 73 1689 2192 1762; baseline 0.002 -18"><span class='ocrx_word' id='word_1_133' title='bbox 73 1706 88 1713; x_wconf 81' lang='lat'><strong>‘</strong></span> <span class='ocrx_word' id='word_1_134' title='bbox 141 1694 340 1745; x_wconf 88' lang='lat' dir='ltr'>mittere</span> <span class='ocrx_word' id='word_1_135' title='bbox 386 1701 438 1745; x_wconf 90' lang='lat' dir='ltr'>et</span> <span class='ocrx_word' id='word_1_136' title='bbox 480 1693 613 1745; x_wconf 85' lang='lat' dir='ltr'>forte</span> <span class='ocrx_word' id='word_1_137' title='bbox 652 1694 723 1745; x_wconf 89' lang='lat' dir='ltr'>sic</span> <span class='ocrx_word' id='word_1_138' title='bbox 761 1689 1127 1762; x_wconf 81' lang='lat' dir='ltr'>peccantem²⁹</span> <span class='ocrx_word' id='word_1_139' title='bbox 1167 1693 1300 1744; x_wconf 89' lang='lat' dir='ltr'>sicut</span> <span class='ocrx_word' id='word_1_140' title='bbox 1335 1700 1612 1760; x_wconf 90' lang='lat' dir='ltr'>peccatum</span> <span class='ocrx_word' id='word_1_141' title='bbox 1651 1693 1784 1744; x_wconf 89' lang='lat' dir='ltr'>illud</span> <span class='ocrx_word' id='word_1_142' title='bbox 1829 1695 2052 1747; x_wconf 89' lang='lat' dir='ltr'>fideliter</span> <span class='ocrx_word' id='word_1_143' title='bbox 2089 1715 2192 1748; x_wconf 90' lang='lat' dir='ltr'>non</span> 
     </span>
     <span class='ocr_line' id='line_1_16' title="bbox 70 1782 414 1848; baseline -0.003 -15"><span class='ocrx_word' id='word_1_144' title='bbox 70 1798 124 1838; x_wconf 81' lang='lat'>15</span> <span class='ocrx_word' id='word_1_145' title='bbox 140 1782 414 1848; x_wconf 81' lang='lat' dir='ltr'>cognoscit.</span> 
     </span>
    </p>
   </div>
   <div class='ocr_carea' id='block_1_5' title="bbox 135 1884 2190 2217">
    <p class='ocr_par' dir='ltr' id='par_1_8' title="bbox 135 1884 2190 2217">
     <span class='ocr_line' id='line_1_17' title="bbox 279 1884 2190 1953; baseline 0.003 -18"><span class='ocrx_word' id='word_1_146' title='bbox 279 1884 572 1935; x_wconf 86' lang='lat' dir='ltr'>Resuscitet</span> <span class='ocrx_word' id='word_1_147' title='bbox 623 1902 745 1951; x_wconf 86' lang='lat' dir='ltr'>ergo</span> <span class='ocrx_word' id='word_1_148' title='bbox 799 1902 917 1936; x_wconf 89' lang='lat' dir='ltr'>suos</span> <span class='ocrx_word' id='word_1_149' title='bbox 972 1885 1166 1937; x_wconf 87' lang='lat' dir='ltr'>occisos</span> <span class='ocrx_word' id='word_1_150' title='bbox 1221 1892 1272 1936; x_wconf 88' lang='lat' dir='ltr'>et</span> <span class='ocrx_word' id='word_1_151' title='bbox 1324 1892 1534 1935; x_wconf 92' lang='lat' dir='ltr'>moneat</span> <span class='ocrx_word' id='word_1_152' title='bbox 1588 1902 1673 1936; x_wconf 88' lang='lat' dir='ltr'>eos</span> <span class='ocrx_word' id='word_1_153' title='bbox 1728 1886 1797 1936; x_wconf 87' lang='lat' dir='ltr'>ad</span> <span class='ocrx_word' id='word_1_154' title='bbox 1841 1887 2190 1953; x_wconf 83' lang='lat' dir='ltr'>penitenciam</span> 
     </span>
     <span class='ocr_line' id='line_1_18' title="bbox 135 1972 2190 2045; baseline 0.002 -22"><span class='ocrx_word' id='word_1_155' title='bbox 135 1973 450 2024; x_wconf 86' lang='lat' dir='ltr'>fructuosam</span> <span class='ocrx_word' id='word_1_156' title='bbox 490 1972 946 2025; x_wconf 85' lang='lat' dir='ltr'>exhortacionibus</span> <span class='ocrx_word' id='word_1_157' title='bbox 984 1973 1130 2025; x_wconf 86' lang='lat' dir='ltr'>verbi</span> <span class='ocrx_word' id='word_1_158' title='bbox 1170 1973 1275 2036; x_wconf 85' lang='lat' dir='ltr'>dei,</span> <span class='ocrx_word' id='word_1_159' title='bbox 1334 1980 1385 2024; x_wconf 92' lang='lat' dir='ltr'>et</span> <span class='ocrx_word' id='word_1_160' title='bbox 1421 1980 1546 2024; x_wconf 93' lang='lat' dir='ltr'>tunc</span> <span class='ocrx_word' id='word_1_161' title='bbox 1588 1980 1665 2024; x_wconf 89' lang='lat' dir='ltr'>est</span> <span class='ocrx_word' id='word_1_162' title='bbox 1703 1974 1994 2037; x_wconf 87' lang='lat' dir='ltr'>evidencia,</span> <span class='ocrx_word' id='word_1_163' title='bbox 2052 1978 2190 2045; x_wconf 89' lang='lat' dir='ltr'>quod</span> 
     </span>
     <span class='ocr_line' id='line_1_19' title="bbox 137 2060 2190 2129; baseline 0.002 -17"><span class='ocrx_word' id='word_1_164' title='bbox 137 2060 203 2112; x_wconf 86' lang='lat' dir='ltr'>ab</span> <span class='ocrx_word' id='word_1_165' title='bbox 239 2060 353 2123; x_wconf 87' lang='lat' dir='ltr'>illo,</span> <span class='ocrx_word' id='word_1_166' title='bbox 409 2060 547 2129; x_wconf 90' lang='lat' dir='ltr'>quod</span> <span class='ocrx_word' id='word_1_167' title='bbox 585 2060 737 2112; x_wconf 88' lang='lat' dir='ltr'>aliter</span> <span class='ocrx_word' id='word_1_168' title='bbox 773 2061 908 2112; x_wconf 86' lang='lat' dir='ltr'>foret</span> <span class='ocrx_word' id='word_1_169' title='bbox 943 2069 1220 2129; x_wconf 89' lang='lat' dir='ltr'>peccatum</span> <span class='ocrx_word' id='word_1_170' title='bbox 1258 2062 1313 2112; x_wconf 93' lang='lat' dir='ltr'>in</span> <span class='ocrx_word' id='word_1_171' title='bbox 1352 2061 1587 2128; x_wconf 86' lang='lat' dir='ltr'>spiritum</span> <span class='ocrx_word' id='word_1_172' title='bbox 1628 2068 1889 2123; x_wconf 90' lang='lat' dir='ltr'>sanctum,</span> <span class='ocrx_word' id='word_1_173' title='bbox 1944 2063 2062 2115; x_wconf 91' lang='lat' dir='ltr'>illos</span> <span class='ocrx_word' id='word_1_174' title='bbox 2101 2065 2190 2116; x_wconf 89' lang='lat' dir='ltr'>ab·</span> 
     </span>
     <span class='ocr_line' id='line_1_20' title="bbox 136 2147 2188 2217; baseline 0.002 -18"><span class='ocrx_word' id='word_1_175' title='bbox 136 2148 309 2210; x_wconf 89' lang='lat' dir='ltr'>solvit,</span> <span class='ocrx_word' id='word_1_176' title='bbox 375 2166 500 2217; x_wconf 90' lang='lat' dir='ltr'>quos</span> <span class='ocrx_word' id='word_1_177' title='bbox 554 2149 626 2200; x_wconf 86' lang='lat' dir='ltr'>sic</span> <span class='ocrx_word' id='word_1_178' title='bbox 678 2149 924 2201; x_wconf 86' lang='lat' dir='ltr'>vivificat.</span> <span class='ocrx_word' id='word_1_179' title='bbox 1031 2149 1136 2200; x_wconf 79' lang='lat' dir='ltr'>Sed</span> <span class='ocrx_word' id='word_1_180' title='bbox 1189 2149 1466 2201; x_wconf 83' lang='lat' dir='ltr'>Verisimile</span> <span class='ocrx_word' id='word_1_181' title='bbox 1522 2156 1598 2200; x_wconf 89' lang='lat' dir='ltr'>est</span> <span class='ocrx_word' id='word_1_182' title='bbox 1663 2149 1726 2199; x_wconf 90' lang='lat' dir='ltr'>de</span> <span class='ocrx_word' id='word_1_183' title='bbox 1738 2147 1785 2176; x_wconf 76' lang='lat'>3⁰</span> <span class='ocrx_word' id='word_1_184' title='bbox 1840 2151 2017 2203; x_wconf 87' lang='lat' dir='ltr'>multis</span> <span class='ocrx_word' id='word_1_185' title='bbox 2079 2161 2188 2204; x_wconf 91' lang='lat' dir='ltr'>tam</span> 
     </span>
    </p>
   </div>
   <div class='ocr_carea' id='block_1_6' title="bbox 418 2380 2189 2878">
    <p class='ocr_par' dir='ltr' id='par_1_9' title="bbox 418 2380 2189 2878">
     <span class='ocr_line' id='line_1_21' title="bbox 496 2380 2188 2437; baseline 0.002 -14"><span class='ocrx_word' id='word_1_186' title='bbox 496 2380 514 2406; x_wconf 73' lang='lat'>²²</span> <span class='ocrx_word' id='word_1_187' title='bbox 545 2397 638 2436; x_wconf 77' lang='lat' dir='ltr'>cap.</span> <span class='ocrx_word' id='word_1_188' title='bbox 672 2387 712 2431; x_wconf 87' lang='lat'>5,</span> <span class='ocrx_word' id='word_1_189' title='bbox 735 2388 789 2425; x_wconf 90' lang='lat'>16</span> <span class='ocrx_word' id='word_1_190' title='bbox 867 2386 882 2405; x_wconf 79' lang='lat'><strong><em>⁶</em></strong></span> <span class='ocrx_word' id='word_1_191' title='bbox 912 2398 948 2423; x_wconf 84' lang='lat' dir='ltr'>v.</span> <span class='ocrx_word' id='word_1_192' title='bbox 971 2386 1026 2426; x_wconf 71' lang='lat'>39</span> <span class='ocrx_word' id='word_1_193' title='bbox 1103 2380 1124 2406; x_wconf 67' lang='grc' dir='ltr'><em>α</em></span> <span class='ocrx_word' id='word_1_194' title='bbox 1154 2398 1220 2436; x_wconf 82' lang='lat' dir='ltr'>ep.</span> <span class='ocrx_word' id='word_1_195' title='bbox 1251 2386 1432 2437; x_wconf 61' lang='lat' dir='ltr'>August.</span> <span class='ocrx_word' id='word_1_196' title='bbox 1470 2384 1577 2437; x_wconf 74' lang='lat' dir='ltr'>Opp.</span> <span class='ocrx_word' id='word_1_197' title='bbox 1610 2387 1705 2424; x_wconf 76' lang='lat' dir='ltr'>tom.</span> <span class='ocrx_word' id='word_1_198' title='bbox 1738 2385 1811 2432; x_wconf 89' lang='lat' dir='ltr'>II,</span> <span class='ocrx_word' id='word_1_199' title='bbox 1843 2385 1937 2425; x_wconf 63' lang='lat' dir='ltr'>Lib.</span> <span class='ocrx_word' id='word_1_200' title='bbox 1970 2387 2028 2426; x_wconf 84' lang='lat' dir='ltr'>ad</span> <span class='ocrx_word' id='word_1_201' title='bbox 2059 2387 2188 2427; x_wconf 79' lang='lat' dir='ltr'>Boni-</span> 
     </span>
     <span class='ocr_line' id='line_1_22' title="bbox 421 2457 2187 2511; baseline 0.002 -14"><span class='ocrx_word' id='word_1_202' title='bbox 421 2457 584 2510; x_wconf 75' lang='lat' dir='ltr'>facium</span> <span class='ocrx_word' id='word_1_203' title='bbox 617 2471 689 2497; x_wconf 85' lang='lat' dir='ltr'>seu</span> <span class='ocrx_word' id='word_1_204' title='bbox 719 2458 804 2510; x_wconf 78' lang='lat' dir='ltr'>Ep.</span> <span class='ocrx_word' id='word_1_205' title='bbox 839 2457 1103 2497; x_wconf 83' lang='lat' dir='ltr'><em>CLXXXV</em></span> <span class='ocrx_word' id='word_1_206' title='bbox 1128 2473 1175 2511; x_wconf 78' lang='lat' dir='ltr'>p.</span> <span class='ocrx_word' id='word_1_207' title='bbox 1208 2461 1315 2506; x_wconf 73' lang='lat'><strong>6652,</strong></span> <span class='ocrx_word' id='word_1_208' title='bbox 1347 2459 1405 2498; x_wconf 81' lang='lat' dir='ltr'>F.-</span> <span class='ocrx_word' id='word_1_209' title='bbox 1438 2471 1530 2497; x_wconf 80' lang='lat' dir='ltr'>eum</span> <span class='ocrx_word' id='word_1_210' title='bbox 1561 2457 1686 2498; x_wconf 73' lang='lat' dir='ltr'>dicit.-</span> <span class='ocrx_word' id='word_1_211' title='bbox 1740 2459 1824 2510; x_wconf 72' lang='lat' dir='ltr'>Qui</span> <span class='ocrx_word' id='word_1_212' title='bbox 1856 2460 2099 2511; x_wconf 69' lang='lat' dir='ltr'>peccaverit</span> <span class='ocrx_word' id='word_1_213' title='bbox 2142 2461 2187 2500; x_wconf 83' lang='lat' dir='ltr'>in</span> 
     </span>
     <span class='ocr_line' id='line_1_23' title="bbox 424 2530 2186 2586; baseline 0.002 -16"><span class='ocrx_word' id='word_1_214' title='bbox 424 2530 634 2583; x_wconf 74' lang='lat' dir='ltr'>Spiritum</span> <span class='ocrx_word' id='word_1_215' title='bbox 654 2530 856 2571; x_wconf 65' lang='lat' dir='ltr'>semotum</span> <span class='ocrx_word' id='word_1_216' title='bbox 878 2561 887 2571; x_wconf 93' lang='lat'><em>.</em></span> <span class='ocrx_word' id='word_1_217' title='bbox 910 2562 920 2572; x_wconf 88' lang='lat'><em>.</em></span> <span class='ocrx_word' id='word_1_218' title='bbox 945 2561 955 2571; x_wconf 91' lang='lat'>.</span> <span class='ocrx_word' id='word_1_219' title='bbox 985 2545 1067 2571; x_wconf 75' lang='lat' dir='ltr'>uon</span> <span class='ocrx_word' id='word_1_220' title='bbox 1096 2533 1239 2584; x_wconf 77' lang='lat' dir='ltr'>utique</span> <span class='ocrx_word' id='word_1_221' title='bbox 1269 2545 1397 2579; x_wconf 80' lang='lat' dir='ltr'>omne,</span> <span class='ocrx_word' id='word_1_222' title='bbox 1429 2533 1540 2584; x_wconf 79' lang='lat' dir='ltr'>quod</span> <span class='ocrx_word' id='word_1_223' title='bbox 1562 2532 1606 2571; x_wconf 81' lang='lat' dir='ltr'>in</span> <span class='ocrx_word' id='word_1_224' title='bbox 1629 2531 1839 2584; x_wconf 75' lang='lat' dir='ltr'>Spiritum</span> <span class='ocrx_word' id='word_1_225' title='bbox 1864 2532 2065 2573; x_wconf 71' lang='lat' dir='ltr'>Sanctum</span> <span class='ocrx_word' id='word_1_226' title='bbox 2087 2548 2186 2586; x_wconf 77' lang='lat' dir='ltr'>pee-</span> 
     </span>
     <span class='ocr_line' id='line_1_24' title="bbox 421 2604 2183 2659; baseline 0.001 -15"><span class='ocrx_word' id='word_1_227' title='bbox 421 2607 544 2644; x_wconf 77' lang='lat' dir='ltr'>eatwr</span> <span class='ocrx_word' id='word_1_228' title='bbox 571 2604 689 2657; x_wconf 74' lang='lat' dir='ltr'>facto</span> <span class='ocrx_word' id='word_1_229' title='bbox 719 2618 792 2645; x_wconf 88' lang='lat' dir='ltr'>seu</span> <span class='ocrx_word' id='word_1_230' title='bbox 822 2605 955 2652; x_wconf 75' lang='lat' dir='ltr'>dieto,</span> <span class='ocrx_word' id='word_1_231' title='bbox 1000 2606 1074 2645; x_wconf 82' lang='lat' dir='ltr'>secl</span> <span class='ocrx_word' id='word_1_232' title='bbox 1104 2605 1279 2658; x_wconf 79' lang='lat' dir='ltr'>aliquod</span> <span class='ocrx_word' id='word_1_233' title='bbox 1310 2609 1466 2645; x_wconf 76' lang='lat' dir='ltr'>certum</span> <span class='ocrx_word' id='word_1_234' title='bbox 1497 2609 1539 2645; x_wconf 74' lang='lat' dir='ltr'>et</span> <span class='ocrx_word' id='word_1_235' title='bbox 1560 2607 1786 2659; x_wconf 75' lang='lat' dir='ltr'>propriwm</span> <span class='ocrx_word' id='word_1_236' title='bbox 1816 2606 2001 2659; x_wconf 63' lang='lat' dir='ltr'>intelligi</span> <span class='ocrx_word' id='word_1_237' title='bbox 2037 2607 2183 2654; x_wconf 72' lang='lat' dir='ltr'>voluit,</span> 
     </span>
     <span class='ocr_line' id='line_1_25' title="bbox 421 2678 2189 2735; baseline 0.002 -18"><span class='ocrx_word' id='word_1_238' title='bbox 421 2678 498 2717; x_wconf 73' lang='lat' dir='ltr'>hoe</span> <span class='ocrx_word' id='word_1_239' title='bbox 527 2681 600 2725; x_wconf 72' lang='lat' dir='ltr'>est,</span> <span class='ocrx_word' id='word_1_240' title='bbox 630 2678 795 2718; x_wconf 76' lang='lat' dir='ltr'>duritia</span> <span class='ocrx_word' id='word_1_241' title='bbox 825 2679 966 2719; x_wconf 76' lang='lat' dir='ltr'>cordis</span> <span class='ocrx_word' id='word_1_242' title='bbox 995 2693 1123 2731; x_wconf 81' lang='lat' dir='ltr'>usque</span> <span class='ocrx_word' id='word_1_243' title='bbox 1154 2679 1213 2718; x_wconf 82' lang='lat' dir='ltr'>ad</span> <span class='ocrx_word' id='word_1_244' title='bbox 1242 2680 1367 2735; x_wconf 83' lang='lat' dir='ltr'>finem</span> <span class='ocrx_word' id='word_1_245' title='bbox 1405 2679 1527 2718; x_wconf 70' lang='lat' dir='ltr'>huius</span> <span class='ocrx_word' id='word_1_246' title='bbox 1558 2680 1688 2726; x_wconf 74' lang='lat' dir='ltr'>vitae,</span> <span class='ocrx_word' id='word_1_247' title='bbox 1736 2693 1820 2732; x_wconf 80' lang='lat' dir='ltr'>qua</span> <span class='ocrx_word' id='word_1_248' title='bbox 1860 2681 1979 2720; x_wconf 75' lang='lat' dir='ltr'>homo</span> <span class='ocrx_word' id='word_1_249' title='bbox 2018 2685 2189 2721; x_wconf 73' lang='lat' dir='ltr'>recusat</span> 
     </span>
     <span class='ocr_line' id='line_1_26' title="bbox 418 2750 2186 2808; baseline 0.002 -18"><span class='ocrx_word' id='word_1_250' title='bbox 418 2750 465 2790; x_wconf 81' lang='lat' dir='ltr'>in</span> <span class='ocrx_word' id='word_1_251' title='bbox 493 2751 655 2791; x_wconf 75' lang='lat' dir='ltr'>unitate</span> <span class='ocrx_word' id='word_1_252' title='bbox 684 2752 876 2804; x_wconf 76' lang='lat' dir='ltr'>eorporis</span> <span class='ocrx_word' id='word_1_253' title='bbox 899 2752 1069 2799; x_wconf 71' lang='lat' dir='ltr'>Christi,</span> <span class='ocrx_word' id='word_1_254' title='bbox 1101 2753 1212 2804; x_wconf 81' lang='lat' dir='ltr'>quod</span> <span class='ocrx_word' id='word_1_255' title='bbox 1241 2752 1431 2808; x_wconf 77' lang='lat' dir='ltr'>vivificat</span> <span class='ocrx_word' id='word_1_256' title='bbox 1460 2752 1652 2806; x_wconf 72' lang='lat' dir='ltr'>Spiritus</span> <span class='ocrx_word' id='word_1_257' title='bbox 1677 2752 1872 2800; x_wconf 78' lang='lat' dir='ltr'>Sanetus,</span> <span class='ocrx_word' id='word_1_258' title='bbox 1904 2755 2186 2794; x_wconf 72' lang='lat' dir='ltr'>remissionem</span> 
     </span>
     <span class='ocr_line' id='line_1_27' title="bbox 421 2825 906 2878; baseline 0.002 -14"><span class='ocrx_word' id='word_1_259' title='bbox 421 2825 612 2877; x_wconf 76' lang='lat' dir='ltr'>accipere</span> <span class='ocrx_word' id='word_1_260' title='bbox 631 2828 906 2878; x_wconf 76' lang='lat' dir='ltr'>peecatorum</span> 
     </span>
    </p>
   </div>
   <div class='ocr_carea' id='block_1_7' title="bbox 41 3024 2186 3732">
    <p class='ocr_par' dir='ltr' id='par_1_10' title="bbox 41 3024 2186 3732">
     <span class='ocr_line' id='line_1_28' title="bbox 250 3024 2185 3085; baseline 0.002 -15"><span class='ocrx_word' id='word_1_261' title='bbox 250 3024 285 3050; x_wconf 80' lang='lat'>¹⁹</span> <span class='ocrx_word' id='word_1_262' title='bbox 315 3028 700 3083; x_wconf 85' lang='lat' dir='ltr'>superviventibus</span> <span class='ocrx_word' id='word_1_263' title='bbox 715 3026 972 3077; x_wconf 77' lang='lat' dir='ltr'><em>ABDE‚O2</em></span> <span class='ocrx_word' id='word_1_264' title='bbox 1017 3030 1062 3069; x_wconf 80' lang='lat' dir='ltr'>in</span> <span class='ocrx_word' id='word_1_265' title='bbox 1105 3043 1212 3070; x_wconf 77' lang='lat' dir='ltr'>mar.</span> <span class='ocrx_word' id='word_1_266' title='bbox 1309 3030 1727 3085; x_wconf 87' lang='lat' dir='ltr'>supervenientibus</span> <span class='ocrx_word' id='word_1_267' title='bbox 1744 3033 1778 3072; x_wconf 79' lang='grc' dir='ltr'><strong><em>Ο</em></strong></span> <span class='ocrx_word' id='word_1_268' title='bbox 1868 3032 2124 3073; x_wconf 86' lang='lat' dir='ltr'>viventibus</span> <span class='ocrx_word' id='word_1_269' title='bbox 2144 3034 2185 3073; x_wconf 99' lang='lat' dir='ltr'><strong><em>G</em></strong></span> 
     </span>
     <span class='ocr_line' id='line_1_29' title="bbox 41 3097 2183 3156; baseline 0.003 -16"><span class='ocrx_word' id='word_1_270' title='bbox 41 3135 44 3138; x_wconf 89' lang='lat'><strong>.</strong></span> <span class='ocrx_word' id='word_1_271' title='bbox 130 3097 168 3123; x_wconf 77' lang='lat'>²⁰</span> <span class='ocrx_word' id='word_1_272' title='bbox 189 3101 282 3142; x_wconf 87' lang='lat' dir='ltr'>vita</span> <span class='ocrx_word' id='word_1_273' title='bbox 291 3099 536 3150; x_wconf 79' lang='lat' dir='ltr'><strong><em>AODG,B¹</em></strong></span> <span class='ocrx_word' id='word_1_274' title='bbox 557 3103 643 3142; x_wconf 80' lang='lat' dir='ltr'>and</span> <span class='ocrx_word' id='word_1_275' title='bbox 662 3098 733 3143; x_wconf 79' lang='lat' dir='ltr'>E³</span> <span class='ocrx_word' id='word_1_276' title='bbox 753 3104 831 3155; x_wconf 70' lang='lat'>(2)</span> <span class='ocrx_word' id='word_1_277' title='bbox 852 3103 897 3143; x_wconf 77' lang='lat' dir='ltr'>in</span> <span class='ocrx_word' id='word_1_278' title='bbox 916 3117 1023 3143; x_wconf 76' lang='lat' dir='ltr'>mar.</span> <span class='ocrx_word' id='word_1_279' title='bbox 1086 3104 1267 3155; x_wconf 83' lang='lat' dir='ltr'>om.BE</span> <span class='ocrx_word' id='word_1_280' title='bbox 1344 3101 1381 3125; x_wconf 81' lang='lat'>2¹</span> <span class='ocrx_word' id='word_1_281' title='bbox 1413 3105 1565 3146; x_wconf 86' lang='lat' dir='ltr'>coraul</span> <span class='ocrx_word' id='word_1_282' title='bbox 1594 3105 1637 3146; x_wconf 94' lang='grc'>16</span> <span class='ocrx_word' id='word_1_283' title='bbox 1661 3106 1787 3156; x_wconf 68' lang='lat' dir='ltr'>(both</span> <span class='ocrx_word' id='word_1_284' title='bbox 1803 3120 1862 3146; x_wconf 75' lang='lat' dir='ltr'>er.</span> <span class='ocrx_word' id='word_1_285' title='bbox 1881 3105 1981 3156; x_wconf 77' lang='lat' dir='ltr'>out)</span> <span class='ocrx_word' id='word_1_286' title='bbox 2004 3105 2183 3147; x_wconf 88' lang='lat' dir='ltr'>coraule</span> 
     </span>
     <span class='ocr_line' id='line_1_30' title="bbox 131 3172 2184 3233; baseline 0.002 -19"><span class='ocrx_word' id='word_1_287' title='bbox 131 3175 174 3214; x_wconf 82' lang='lat' dir='ltr'>in</span> <span class='ocrx_word' id='word_1_288' title='bbox 206 3175 241 3214; x_wconf 87' lang='lat' dir='ltr'><em>C</em></span> <span class='ocrx_word' id='word_1_289' title='bbox 267 3176 367 3216; x_wconf 83' lang='lat' dir='ltr'>add.</span> <span class='ocrx_word' id='word_1_290' title='bbox 397 3175 522 3216; x_wconf 83' lang='lat' dir='ltr'>above</span> <span class='ocrx_word' id='word_1_291' title='bbox 551 3177 618 3216; x_wconf 71' lang='lat' dir='ltr'>the</span> <span class='ocrx_word' id='word_1_292' title='bbox 646 3176 724 3217; x_wconf 79' lang='lat' dir='ltr'>eol.</span> <span class='ocrx_word' id='word_1_293' title='bbox 749 3179 854 3219; x_wconf 71' lang='lat'><strong><em>143⁰</em></strong></span> <span class='ocrx_word' id='word_1_294' title='bbox 887 3176 937 3230; x_wconf 79' lang='lat' dir='ltr'>by</span> <span class='ocrx_word' id='word_1_295' title='bbox 968 3172 1026 3216; x_wconf 81' lang='lat'>02</span> <span class='ocrx_word' id='word_1_296' title='bbox 1143 3173 1181 3199; x_wconf 83' lang='lat'>22</span> <span class='ocrx_word' id='word_1_297' title='bbox 1210 3177 1506 3232; x_wconf 84' lang='lat' dir='ltr'>tripudiantes</span> <span class='ocrx_word' id='word_1_298' title='bbox 1528 3179 1748 3219; x_wconf 76' lang='lat' dir='ltr'><em>ABCDE&#39;</em></span> <span class='ocrx_word' id='word_1_299' title='bbox 1803 3183 2108 3233; x_wconf 84' lang='lat' dir='ltr'>repugnantes</span> <span class='ocrx_word' id='word_1_300' title='bbox 2130 3180 2184 3227; x_wconf 87' lang='lat' dir='ltr'>G,</span> 
     </span>
     <span class='ocr_line' id='line_1_31' title="bbox 130 3249 2183 3308; baseline 0.002 -21"><span class='ocrx_word' id='word_1_301' title='bbox 130 3249 173 3287; x_wconf 85' lang='lat' dir='ltr'>in</span> <span class='ocrx_word' id='word_1_302' title='bbox 202 3261 309 3289; x_wconf 77' lang='lat' dir='ltr'>mar.</span> <span class='ocrx_word' id='word_1_303' title='bbox 341 3250 379 3289; x_wconf 77' lang='lat' dir='ltr'>is</span> <span class='ocrx_word' id='word_1_304' title='bbox 407 3249 506 3290; x_wconf 81' lang='lat' dir='ltr'>add.</span> <span class='ocrx_word' id='word_1_305' title='bbox 539 3249 589 3303; x_wconf 76' lang='lat' dir='ltr'>by</span> <span class='ocrx_word' id='word_1_306' title='bbox 618 3250 686 3290; x_wconf 72' lang='lat' dir='ltr'>the</span> <span class='ocrx_word' id='word_1_307' title='bbox 715 3251 921 3290; x_wconf 65' lang='lat' dir='ltr'>tex-thanet</span> <span class='ocrx_word' id='word_1_308' title='bbox 994 3254 1167 3303; x_wconf 85' lang='lat' dir='ltr'>nantes,</span> <span class='ocrx_word' id='word_1_309' title='bbox 1200 3253 1269 3292; x_wconf 70' lang='lat' dir='ltr'>the</span> <span class='ocrx_word' id='word_1_310' title='bbox 1297 3253 1399 3308; x_wconf 76' lang='lat' dir='ltr'>first</span> <span class='ocrx_word' id='word_1_311' title='bbox 1419 3255 1530 3304; x_wconf 77' lang='lat' dir='ltr'>part</span> <span class='ocrx_word' id='word_1_312' title='bbox 1568 3253 1623 3305; x_wconf 75' lang='lat'>07⁴²</span> <span class='ocrx_word' id='word_1_313' title='bbox 1651 3254 1719 3292; x_wconf 72' lang='lat' dir='ltr'>the</span> <span class='ocrx_word' id='word_1_314' title='bbox 1748 3253 1866 3292; x_wconf 76' lang='lat' dir='ltr'>word</span> <span class='ocrx_word' id='word_1_315' title='bbox 1896 3253 1933 3292; x_wconf 81' lang='lat' dir='ltr'>is</span> <span class='ocrx_word' id='word_1_316' title='bbox 1962 3255 2035 3292; x_wconf 76' lang='lat' dir='ltr'>eut</span> <span class='ocrx_word' id='word_1_317' title='bbox 2062 3266 2183 3306; x_wconf 78' lang='lat' dir='ltr'>away</span> 
     </span>
     <span class='ocr_line' id='line_1_32' title="bbox 130 3316 2186 3379; baseline 0.001 -17"><span class='ocrx_word' id='word_1_318' title='bbox 130 3316 168 3342; x_wconf 77' lang='lat'>²³</span> <span class='ocrx_word' id='word_1_319' title='bbox 196 3322 241 3362; x_wconf 81' lang='lat' dir='ltr'>in</span> <span class='ocrx_word' id='word_1_320' title='bbox 276 3323 318 3360; x_wconf 83' lang='grc' dir='ltr'><em>Α</em></span> <span class='ocrx_word' id='word_1_321' title='bbox 357 3323 395 3362; x_wconf 80' lang='lat' dir='ltr'>is</span> <span class='ocrx_word' id='word_1_322' title='bbox 426 3323 524 3363; x_wconf 80' lang='lat' dir='ltr'>add.</span> <span class='ocrx_word' id='word_1_323' title='bbox 560 3323 606 3362; x_wconf 81' lang='lat' dir='ltr'>in</span> <span class='ocrx_word' id='word_1_324' title='bbox 640 3336 772 3364; x_wconf 64' lang='lat' dir='ltr'>matr..-</span> <span class='ocrx_word' id='word_1_325' title='bbox 817 3323 1057 3365; x_wconf 86' lang='lat' dir='ltr'>Absolucio</span> <span class='ocrx_word' id='word_1_326' title='bbox 1102 3324 1275 3379; x_wconf 89' lang='lat' dir='ltr'>papalis</span> <span class='ocrx_word' id='word_1_327' title='bbox 1298 3323 1361 3365; x_wconf 66' lang='lat' dir='ltr'>Al</span> <span class='ocrx_word' id='word_1_328' title='bbox 1510 3322 1547 3347; x_wconf 73' lang='lat'>2⁴¹</span> <span class='ocrx_word' id='word_1_329' title='bbox 1577 3338 1720 3379; x_wconf 87' lang='lat' dir='ltr'>usque</span> <span class='ocrx_word' id='word_1_330' title='bbox 1740 3325 1864 3365; x_wconf 80' lang='lat' dir='ltr'>ODG</span> <span class='ocrx_word' id='word_1_331' title='bbox 1953 3338 2030 3364; x_wconf 87' lang='lat' dir='ltr'>om.</span> <span class='ocrx_word' id='word_1_332' title='bbox 2047 3326 2186 3365; x_wconf 77' lang='lat' dir='ltr'>ABE</span> 
     </span>
     <span class='ocr_line' id='line_1_33' title="bbox 129 3389 2181 3454; baseline 0.003 -21"><span class='ocrx_word' id='word_1_333' title='bbox 129 3389 167 3416; x_wconf 79' lang='lat'>²⁶</span> <span class='ocrx_word' id='word_1_334' title='bbox 198 3395 275 3434; x_wconf 85' lang='lat'>120</span> <span class='ocrx_word' id='word_1_335' title='bbox 298 3395 517 3436; x_wconf 72' lang='lat' dir='ltr'><em>ABODE</em></span> <span class='ocrx_word' id='word_1_336' title='bbox 589 3395 643 3437; x_wconf 89' lang='lat'>15</span> <span class='ocrx_word' id='word_1_337' title='bbox 663 3397 705 3437; x_wconf 88' lang='lat' dir='ltr'><strong><em>G</em></strong></span> <span class='ocrx_word' id='word_1_338' title='bbox 820 3393 859 3419; x_wconf 81' lang='lat'>²⁶</span> <span class='ocrx_word' id='word_1_339' title='bbox 890 3410 989 3452; x_wconf 83' lang='lat' dir='ltr'>exp.</span> <span class='ocrx_word' id='word_1_340' title='bbox 1021 3398 1136 3452; x_wconf 82' lang='lat' dir='ltr'>Aug.</span> <span class='ocrx_word' id='word_1_341' title='bbox 1160 3398 1379 3439; x_wconf 76' lang='lat' dir='ltr'><em>ABODE</em></span> <span class='ocrx_word' id='word_1_342' title='bbox 1433 3398 1737 3454; x_wconf 80' lang='lat' dir='ltr'>Augustinum</span> <span class='ocrx_word' id='word_1_343' title='bbox 1758 3399 1799 3438; x_wconf 93' lang='lat' dir='ltr'><strong><em>G</em></strong></span> <span class='ocrx_word' id='word_1_344' title='bbox 1874 3399 1918 3437; x_wconf 78' lang='lat' dir='ltr'>in</span> <span class='ocrx_word' id='word_1_345' title='bbox 1937 3398 1983 3438; x_wconf 90' lang='lat' dir='ltr'><em>D</em></span> <span class='ocrx_word' id='word_1_346' title='bbox 2014 3399 2051 3438; x_wconf 81' lang='lat' dir='ltr'>is</span> <span class='ocrx_word' id='word_1_347' title='bbox 2081 3399 2181 3439; x_wconf 79' lang='lat' dir='ltr'>add.</span> 
     </span>
     <span class='ocr_line' id='line_1_34' title="bbox 129 3466 2179 3525; baseline 0.003 -19"><span class='ocrx_word' id='word_1_348' title='bbox 129 3467 173 3507; x_wconf 82' lang='lat' dir='ltr'>in</span> <span class='ocrx_word' id='word_1_349' title='bbox 201 3481 323 3509; x_wconf 65' lang='lat' dir='ltr'>mam„-</span> <span class='ocrx_word' id='word_1_350' title='bbox 352 3467 629 3524; x_wconf 84' lang='lat' dir='ltr'>Augustinus</span> <span class='ocrx_word' id='word_1_351' title='bbox 643 3467 708 3510; x_wconf 72' lang='lat'>121</span> <span class='ocrx_word' id='word_1_352' title='bbox 807 3466 844 3492; x_wconf 79' lang='lat'>2⁷</span> <span class='ocrx_word' id='word_1_353' title='bbox 876 3469 1124 3512; x_wconf 87' lang='lat' dir='ltr'>dimittetur</span> <span class='ocrx_word' id='word_1_354' title='bbox 1139 3471 1355 3512; x_wconf 82' lang='lat' dir='ltr'><strong><em>AODEG</em></strong></span> <span class='ocrx_word' id='word_1_355' title='bbox 1405 3471 1640 3512; x_wconf 89' lang='lat' dir='ltr'>dimittitur</span> <span class='ocrx_word' id='word_1_356' title='bbox 1657 3473 1700 3510; x_wconf 89' lang='lat' dir='ltr'><em>B</em></span> <span class='ocrx_word' id='word_1_357' title='bbox 1789 3467 1827 3492; x_wconf 77' lang='lat'>2⁸</span> <span class='ocrx_word' id='word_1_358' title='bbox 1856 3469 1992 3512; x_wconf 87' lang='lat' dir='ltr'>habet</span> <span class='ocrx_word' id='word_1_359' title='bbox 2020 3475 2179 3525; x_wconf 89' lang='lat' dir='ltr'>potest.</span> 
     </span>
     <span class='ocr_line' id='line_1_35' title="bbox 131 3540 2180 3598; baseline 0.002 -18"><span class='ocrx_word' id='word_1_360' title='bbox 131 3540 299 3582; x_wconf 84' lang='lat' dir='ltr'><strong><em>BODG</em></strong></span> <span class='ocrx_word' id='word_1_361' title='bbox 375 3546 522 3597; x_wconf 86' lang='lat' dir='ltr'>potest</span> <span class='ocrx_word' id='word_1_362' title='bbox 557 3542 822 3597; x_wconf 86' lang='lat' dir='ltr'>potestative</span> <span class='ocrx_word' id='word_1_363' title='bbox 838 3545 932 3584; x_wconf 82' lang='grc' dir='ltr'>ΑΕ</span> <span class='ocrx_word' id='word_1_364' title='bbox 1007 3544 1052 3583; x_wconf 80' lang='lat' dir='ltr'>in</span> <span class='ocrx_word' id='word_1_365' title='bbox 1085 3544 1119 3584; x_wconf 83' lang='grc' dir='ltr'><em>Ο</em></span> <span class='ocrx_word' id='word_1_366' title='bbox 1144 3545 1189 3585; x_wconf 76' lang='lat' dir='ltr'>in</span> <span class='ocrx_word' id='word_1_367' title='bbox 1217 3559 1349 3586; x_wconf 79' lang='lat' dir='ltr'>mar.:</span> <span class='ocrx_word' id='word_1_368' title='bbox 1388 3545 1657 3586; x_wconf 86' lang='lat' dir='ltr'>Peccantem</span> <span class='ocrx_word' id='word_1_369' title='bbox 1676 3540 1732 3584; x_wconf 79' lang='lat'>02</span> <span class='ocrx_word' id='word_1_370' title='bbox 1850 3540 1888 3566; x_wconf 79' lang='lat'>2⁹</span> <span class='ocrx_word' id='word_1_371' title='bbox 1917 3549 2180 3598; x_wconf 86' lang='lat' dir='ltr'>peccantem</span> 
     </span>
     <span class='ocr_line' id='line_1_36' title="bbox 130 3612 1557 3673; baseline 0.004 -21"><span class='ocrx_word' id='word_1_372' title='bbox 130 3614 346 3655; x_wconf 79' lang='lat' dir='ltr'><em>ABODE</em></span> <span class='ocrx_word' id='word_1_373' title='bbox 399 3619 677 3670; x_wconf 89' lang='lat' dir='ltr'>peccatorem</span> <span class='ocrx_word' id='word_1_374' title='bbox 696 3617 737 3657; x_wconf 93' lang='lat' dir='ltr'><strong><em>G</em></strong></span> <span class='ocrx_word' id='word_1_375' title='bbox 855 3612 894 3638; x_wconf 78' lang='lat'>³⁰</span> <span class='ocrx_word' id='word_1_376' title='bbox 925 3616 981 3658; x_wconf 83' lang='lat' dir='ltr'>de</span> <span class='ocrx_word' id='word_1_377' title='bbox 1013 3618 1229 3659; x_wconf 79' lang='lat' dir='ltr'><strong><em>AODEG</em></strong></span> <span class='ocrx_word' id='word_1_378' title='bbox 1290 3618 1409 3673; x_wconf 86' lang='lat' dir='ltr'>quod</span> <span class='ocrx_word' id='word_1_379' title='bbox 1441 3618 1495 3659; x_wconf 87' lang='lat' dir='ltr'>de</span> <span class='ocrx_word' id='word_1_380' title='bbox 1514 3619 1557 3657; x_wconf 91' lang='lat' dir='ltr'><em>B</em></span> 
     </span>
     <span class='ocr_line' id='line_1_37' title="bbox 1721 3688 1809 3732; baseline 0.023 -2"><span class='ocrx_word' id='word_1_381' title='bbox 1721 3688 1809 3732; x_wconf 72' lang='lat'>40*</span> 
     </span>
    </p>
   </div>
  </div>
 </body>
</html>
