2528 4074
869 403 1171 446 GENERAL
1204 403 1423 444 INDEX.
2076 411 2179 461 755

130 557 327 600 Ecclesie
357 553 513 595 divisio
542 565 652 594 num
679 549 952 592 insufficiens
981 550 1078 591 705.
1196 547 1398 588 Ecclesie
1428 547 1580 588 utilius
1599 552 1775 602 tempus
1805 550 2058 603 expendere
2084 565 2182 606 pos—

131 639 186 648 -
217 614 381 656 Gristus
423 609 771 666 compulsionem
801 608 924 650 dedit
953 620 1107 650 secun-
1257 610 1357 646 sent
1386 605 1582 660 episcopi
1613 606 1710 647 263.

189 674 293 714 dum
322 670 521 727 gladium
551 669 647 710 102.
1199 686 1253 692 -
1286 663 1496 704 militanti
1516 663 1750 705 dissolucio
1771 666 2070 708 conventiculi
2089 683 2183 723 pro-

54 738 60 744 ’
131 756 186 764 -
215 729 440 774 edificacio
472 728 568 769 133.
1255 720 1410 763 ficeret
1439 722 1538 763 225.

48 814 52 815 ν
133 815 186 823 --
215 801 401 844 regnum
431 785 566 828 debet
592 797 639 826 se
659 787 802 826 totum
822 781 1110 838 spiritualiter
1200 802 1254 808 —
1286 780 1452 822 servire
1486 781 1583 822 193.

187 847 398 890 adiuvare
429 845 528 886 242.
1200 861 1254 867 --
1286 837 1493 879 monachi
1521 838 1730 893 prodesse
1750 852 1841 880 non
1870 845 2055 894 possunt
2086 843 2183 883 132.

131 930 187 939 -
216 904 387 947 dotacio
405 902 576 944 tollitur
593 901 772 942 racione
792 899 987 955 quadam
1011 899 1107 940 137.
1201 920 1254 925 —
1285 901 1451 938 nocent
1478 897 1748 939 tradiciones
1777 903 1999 939 sectarum
2030 902 2099 942 91.

131 989 186 997 -
217 963 474 1006 alimentum
504 973 532 1002 a
555 959 695 1001 Cristo
726 958 979 1000 ordinatum
1010 958 1108 1000 142.
1201 978 1255 984 -
1287 955 1418 996 homo
1448 955 1658 1010 prodesse
1691 956 1826 998 debet
1855 958 1954 1000 214.

131 1046 186 1067 2·—
216 1022 456 1076 dampnum
485 1031 514 1060 a
542 1018 674 1060 sectis
710 1018 807 1060 196.
1202 1037 1256 1043 -
1290 1014 1465 1056 onerosi
1494 1015 1652 1056 fratres
1683 1016 1752 1057 93.

44 1099 73 1126 ,·
133 1105 186 1112 -—-
214 1080 381 1123 utilitas
411 1079 480 1120 89.
806 1125 809 1127 ¹
1201 1095 1256 1102 —
1287 1077 1407 1114 secte
1438 1078 1542 1115 sunt
1570 1087 1754 1116 onerose
1785 1075 1885 1116 242.

19 1152 70 1182 ,τ
133 1163 185 1171 -
214 1139 424 1180 iuvamen
467 1135 767 1178 necessarium
808 1132 985 1190 fingunt
1026 1132 1111 1174 fra·
1200 1154 1257 1161 —-
1287 1132 1370 1173 toti
1399 1136 1519 1174 secte
1549 1137 1653 1174 sunt
1682 1133 1901 1175 contrarie
1933 1133 2030 1175 372.

43 1190 69 1240 ἦ
186 1203 274 1240 tres
303 1197 373 1238 90.
1201 1213 1255 1219 -
1289 1190 1468 1245 quando
1485 1190 1651 1232 Gristus
1672 1192 1814 1247 magis
1828 1192 2065 1247 profuisset
2084 1192 2183 1234 267.

133 1279 186 1288 --
215 1258 447 1311 peccatum
484 1251 663 1295 cautela
699 1250 879 1306 dyaboli
916 1250 998 1292 scit
1035 1250 1110 1291 ab-
1203 1249 1416 1347 —2utilia
1437 1248 1604 1291 Gristus
1635 1251 1884 1304 expressius
1915 1251 2187 1306 exemplavit

52 1310 62 1323 ⁴
187 1312 397 1356 scondere
428 1313 497 1354 91.
978 1322 982 1337 ·
1289 1308 1358 1349 67.

38 1377 73 1437 '³ss
133 1396 184 1404 -
215 1371 456 1427 integracio
487 1384 568 1425 per
597 1368 789 1411 Oristum
821 1368 918 1409 100.
1202 1388 1257 1395 —-
1289 1370 1458 1407 motum
1490 1370 1535 1407 et
1564 1367 1744 1407 sensum
1774 1368 1974 1409 conferre
2007 1369 2104 1410 663.

46 1459 71 1478 ‚-
133 1455 185 1463 —-
215 1430 424 1487 precipue
454 1429 612 1470 fratres
640 1428 790 1469 hostes
826 1427 925 1470 574.
1200 1424 1449 1466 Ecclesiam
1480 1424 1646 1466 Cristus
1676 1426 1850 1468 munire
1880 1426 2022 1468 voluit
2051 1427 2150 1468 472.

44 1495 78 1542 sp
133 1514 185 1521 —-
215 1489 342 1531 radix
373 1492 419 1530 et
447 1487 542 1530 vita
569 1499 690 1542 papa
719 1485 818 1528 558.
1204 1506 1257 1513 —-
1291 1482 1457 1525 Cristus
1485 1483 1720 1526 facilitavit
1750 1485 1848 1528 262.

31 1574 39 1595 1,
94 1572 100 1579 ·
134 1572 186 1579 —
216 1547 271 1589 de
300 1547 428 1588 bonis
458 1558 702 1601 expensum
735 1545 832 1587 193.
1203 1565 1257 1570 —
1291 1541 1421 1583 Cristi
1450 1542 1629 1597 presciti
1657 1548 1950 1598 persecuntur
1980 1545 2078 1586 560.

27 1653 31 1658 ,
55 1598 76 1638 f
133 1629 187 1639 -·
216 1605 446 1648 militantis
475 1603 756 1647 commodum
788 1603 885 1645 149.
1204 1623 1259 1629 -
1292 1599 1423 1642 Gristi
1453 1606 1640 1643 onerant
1668 1607 1788 1644 secte
1825 1603 1894 1644 25.

47 1684 81 1718 ‘·.
132 1689 185 1697 —
217 1665 367 1706 debita
395 1663 596 1706 armonia
628 1663 725 1704 145.
1204 1682 1256 1689 —
1271 1659 2188 1717 CristiPetrusnuncnoncognosceret264.

47 1719 49 1724 '
133 1748 183 1756 -
215 1723 446 1766 militantis
474 1722 698 1778 profectus
730 1721 799 1763 79.
1204 1741 1258 1748 —-
1290 1718 1711 1773 pseudocardinales
1733 1725 1921 1762 onerant
1941 1724 1986 1762 et
2015 1724 2190 1762 contur-

34 1828 38 1841 .
83 1831 85 1834 ⁴
131 1804 187 1814 --
217 1786 352 1837 caput
378 1794 498 1836 papa
525 1780 830 1822 beatissimum
861 1779 960 1821 620.
1260 1778 1370 1819 bant
1401 1778 1499 1819 674.

70 1867 71 1870 =
133 1865 186 1873 -—-
216 1841 351 1883 fidem
386 1853 472 1882 nec
501 1839 755 1881 anticristus
794 1850 880 1880 nec
910 1841 1114 1879 creatura
1204 1859 1259 1879 -,
1293 1836 1546 1878 anticristus
1576 1836 1704 1878 novis
1726 1837 1975 1879 cerimoniis
2006 1836 2191 1879 difficul-

53 1942 59 1957 ,
189 1901 339 1955 aliqua
366 1902 513 1954 potest
541 1898 784 1954 infringere
816 1898 915 1939 399.
1262 1899 1330 1936 tat
1357 1895 1457 1937 262.

22 1971 70 1998 -.·
133 1982 186 1989 —
215 1962 349 2014 caput
377 1957 622 2000 mediatum
653 1956 821 1998 Gristus
851 1960 919 1997 est
948 1956 1017 1997 64.
1205 1975 1260 1982 -—
1309 1952 1476 1995 Gristus
1526 1953 1677 1996 docuit
1725 1954 1918 2009 qualiter
1965 1954 2191 2010 agendum

20 2031 59 2070 ,
79 2061 81 2066 ,
134 2038 188 2048 -
216 2017 557 2059 fundamentum
587 2020 655 2057 est
672 2020 801 2070 petra
819 2014 993 2056 iusticie
1014 2015 1113 2057 439.
1265 2017 1333 2054 est
1360 2014 1459 2055 266.

23 2075 26 2078 ⁴
63 2094 71 2134 j
133 2099 186 2107 -
215 2080 364 2131 partes
393 2075 546 2131 angeli
575 2079 679 2116 sunt
708 2074 807 2117 658.
1208 2094 1261 2100 -
1294 2084 1422 2112 suam
1444 2070 1610 2113 Gristus
1631 2084 1765 2126 super
1786 2072 1895 2114 alios
1916 2072 2072 2114 dilexit
2091 2073 2190 2115 266.

83 2175 85 2178 .
134 2157 187 2164 —
218 2134 347 2176 Gristi
366 2135 567 2176 membra
586 2132 774 2174 fundata
794 2136 898 2174 sunt
926 2132 975 2173 in
1003 2131 1116 2173 veri·
1211 2151 1261 2159 -
1296 2135 1507 2171 onustant
1536 2135 1657 2172 secte
1690 2132 1759 2172 90.

83 2236 86 2241 ,
188 2198 281 2235 tate
313 2194 411 2235 353.
654 2217 656 2219 >
1208 2211 1263 2217 -
1294 2193 1436 2230 totam
1466 2194 1586 2231 secte
1618 2189 1822 2231 dividunt
1852 2190 1950 2232 711.

72 2256 75 2259 ’
134 2275 186 2282 —
218 2253 361 2294 clerus
397 2265 489 2293 non
525 2251 727 2306 sequitur
767 2249 995 2291 dominum
1027 2249 1117 2291 Cri·
1209 2270 1265 2276 —
1296 2248 1562 2289 militantem
1590 2261 1710 2303 papa
1744 2249 1937 2291 maxime
1964 2250 2196 2304 perturbat

75 2315 77 2319 ’
190 2316 306 2353 stum
336 2311 435 2352 564.
1268 2307 1366 2348 129.

70 2371 75 2406 ὲ
134 2392 189 2400 -
219 2383 377 2424 corpus
407 2368 560 2424 angeli
589 2372 636 2410 et
653 2367 854 2409 homines
883 2371 988 2408 sunt
1018 2367 1116 2408 662.
1209 2389 1262 2395 —
1295 2365 1453 2407 fratres
1489 2366 1682 2421 spoliant
1711 2366 1833 2407 falsis
1854 2366 2195 2408 colleccionibus

135 2451 188 2458 -
218 2428 353 2470 fidem
398 2440 614 2470 enervare
666 2427 824 2468 fratres
878 2425 1120 2481 sathagunt
1269 2426 1367 2466 393.

190 2488 287 2529 255.
1210 2506 1264 2512 -—
1298 2483 1470 2524 seducit
1500 2483 1720 2525 Sathanas
1751 2485 1850 2526 393.

87 2595 89 2597 ,
135 2569 189 2576 -
219 2545 461 2588 secundam
495 2548 668 2600 partem
705 2543 863 2586 fratres
901 2543 1120 2585 seducunt
1209 2565 1264 2571 —
1298 2542 1420 2585 deus
1437 2547 1567 2597 pater
1597 2543 1882 2597 desponsavit
1913 2543 2010 2585 161.

0 2650 3 2653 ,
87 2659 89 2662 Ι
192 2605 290 2647 255.
1212 2623 1266 2630 -
1298 2601 1530 2656 perturbat
1559 2614 1678 2656 papa
1709 2603 1808 2643 596.

0 2671 13 2679 ‘⁴
87 2699 93 2710 ,,
136 2685 190 2710 τ·-
220 2663 382 2718 prelati
408 2662 529 2704 ultra
549 2661 742 2703 Cristum
765 2660 1027 2703 seculariter
1047 2660 1121 2702 do·
1211 2683 1265 2689 —
1299 2659 1492 2714 spoliant
1521 2660 1633 2702 false
1666 2660 1957 2702 collecciones
1989 2662 2088 2703 574.

86 2734 89 2738 ·
138 2759 139 2762 ,
192 2723 418 2763 minantur
447 2722 547 2763 560.
1212 2741 1267 2747 -
1299 2732 1379 2773 per
1408 2723 1552 2760 sectas
1584 2732 1770 2761 onerare
1793 2719 2103 2775 blasphemum
2133 2726 2199 2762 est

82 2827 86 2831 .
137 2801 191 2810 —
222 2781 342 2822 utilis
372 2780 487 2822 foret
517 2778 827 2820 inclaustracio
860 2779 958 2820 525.
1271 2778 1369 2819 192.

0 2869 4 2893 4
86 2834 92 2876 j
137 2861 191 2868 —-
223 2839 382 2881 caritas
414 2851 471 2880 ex
499 2837 574 2880 dei
592 2837 820 2893 sapiencia
839 2836 1002 2892 prodiit
1023 2837 1120 2879 163.
1213 2860 1267 2865 -
1298 2836 1529 2891 perturbat
1562 2849 1681 2891 papa
1709 2842 1890 2892 propter
1902 2837 2076 2878 lucrum
2098 2838 2197 2880 697.

0 2895 3 2899 ’
84 2927 85 2931 ,
137 2919 189 2927 —
223 2898 383 2940 caritas
412 2910 493 2952 per
521 2897 685 2938 milites
715 2896 929 2938 minuitur
963 2896 1061 2938 271.
1213 2918 1266 2924 —
1298 2895 1494 2950 pharisei
1524 2901 1795 2937 cecaverunt
1825 2897 1924 2938 258.

84 2970 86 2974 ·
138 2978 192 2985 -
223 2957 466 3012 dampnum
495 2955 727 3011 spirituale
760 2956 858 2997 196.
1213 2977 1267 2984 —
1299 2958 1522 2995 sectarum
1552 2954 1837 2996 mendacium
1867 2954 2039 2996 seducit
2069 2956 2167 2997 264.

80 3022 91 3051 3
140 3037 194 3045 —
225 3015 356 3057 Gristi
384 3014 640 3070 pacificacio
673 3015 771 3056 198.
1213 3036 1268 3042 --
1319 3013 1478 3054 fratres
1531 3018 1725 3068 gravant
1781 3014 1876 3055 sine
1936 3014 2198 3055 auctoritate

0 3114 6 3120 ,
141 3097 194 3102 -
225 3087 406 3116 romane
437 3072 781 3115 consuetudines
812 3073 911 3115 262.
1123 3117 1125 3119 ,
1273 3071 1404 3113 Gristi
1438 3072 1538 3113 481.

91 3175 93 3179 ,
139 3154 193 3162 —-
223 3132 526 3174 reconsiliacio
564 3136 664 3187 post
701 3131 796 3174 eius
826 3130 1124 3186 pollucionem
1213 3153 1269 3160 —
1300 3131 1460 3172 Petrus
1490 3144 1581 3171 non
1613 3130 1794 3172 fovebat
1826 3131 1923 3172 609.

198 3191 298 3234 261.
1212 3189 1259 3230 in
1289 3212 1344 3219 —
1377 3194 1498 3231 secte
1528 3203 1619 3230 non
1650 3189 1816 3231 debent
1851 3190 2072 3231 introduci
2101 3191 2200 3232 602.

140 3249 197 3291 ad
226 3273 281 3281 -
311 3249 552 3291 utilitatem
582 3248 771 3304 apostoli
799 3261 975 3303 semper
1003 3248 1124 3290 labo·
1214 3247 1272 3288 ad
1303 3271 1356 3277 —-
1387 3248 1638 3303 regendum
1659 3247 1826 3289 Gristus
1856 3262 1958 3290 cum
1987 3249 2090 3304 lege
2120 3262 2201 3290 sua

197 3309 358 3350 rabant
387 3308 487 3350 241.
1273 3306 1437 3348 sufficit
1466 3307 1565 3348 257.

141 3366 199 3408 ad
229 3391 282 3397 —
313 3367 554 3409 utilitatem
574 3365 732 3407 fiatres
751 3379 842 3407 non
863 3370 1006 3421 agunt
1026 3366 1123 3407 254.
1213 3366 1516 3407 Ecclesiamm
1546 3365 1932 3420 appropriaciones
1966 3367 2070 3420 1313
2096 3367 2199 3419 1323

24 3462 27 3478 .
79 3437 83 3444 ·
141 3425 199 3467 ad
219 3449 273 3456 —
295 3426 538 3480 dampnum
559 3424 732 3480 private
752 3424 1006 3466 redundant
1024 3424 1124 3467 476.
1276 3426 1380 3478 1953
1413 3425 1511 3466 351.

80 3503 82 3506 ’
144 3506 198 3513 —
228 3485 402 3526 onerosi
431 3488 535 3526 sunt
565 3482 760 3538 episcopi
796 3496 878 3538 per
909 3496 1127 3538 expensas
1217 3506 1271 3512 -
1304 3483 1659 3538 appropriatores
1691 3483 1789 3524 196.

201 3543 299 3586 262.
1217 3564 1272 3571 —
1305 3541 1660 3597 appropriatores
1690 3546 1794 3583 sunt
1823 3541 1976 3583 iniusti
2007 3542 2103 3583 133.

75 3626 77 3630 ι
143 3613 275 3656 super
296 3626 349 3632 —
371 3606 539 3643 tectum
559 3599 734 3642 ordines
754 3600 1007 3642 subintrant
1027 3601 1124 3643 228.
1217 3624 1270 3631 —
1302 3614 1409 3642 usus
1425 3614 1515 3642 non
1530 3600 1802 3656 generaliter
1822 3600 2071 3642 dimittendi
2102 3601 2200 3643 345.

1745 3671 1834 3715 48*
