2528 4074
357 400 457 447 784

352 537 554 577 Monachi
583 537 864 591 appropriant
884 536 1077 578 redditus
1096 537 1312 578 seculares

354 673 406 680 -
437 651 712 692 menciuntur
741 651 822 692 deo
852 651 1026 704 publice
1056 652 1151 692 351.

354 708 611 749 —achorum
640 708 833 749 redditus
863 708 1081 749 seculares
1111 709 1204 749 131.

354 788 403 793 —
434 765 593 806 iniuria
621 765 853 805 manifesta
883 766 977 806 131.

352 845 404 850 —-
436 822 723 863 dehonoracio
754 822 848 863 131.

353 901 405 908 —
435 884 581 933 patres
610 879 772 932 priores
805 880 898 919 131.

350 958 403 965 -
434 935 706 977 continuacio
736 935 892 975 iniurie
921 935 1154 988 spiritualis
1186 936 1280 976 132.

351 1016 402 1021 —
434 999 640 1047 patronus
669 992 934 1032 Benedictus
966 993 1061 1033 173.

353 1073 402 1078 -
434 1050 592 1090 iniuria
609 1050 655 1089 in
676 1049 903 1090 ecclesiam
923 1049 1182 1091 militantem
1215 1051 1309 1090 132.

351 1130 401 1135 -
431 1119 591 1161 magna
619 1106 664 1146 in
693 1106 854 1161 Anglia
882 1105 1123 1148 dominacio
1154 1107 1251 1147 244.

351 1186 402 1191 —
434 1164 591 1204 iniuria
619 1163 853 1216 spiritualis
886 1164 980 1204 132.

349 1242 400 1249 -
431 1221 536 1275 gula
563 1221 726 1261 ventris
757 1221 851 1262 135.

350 1300 399 1306 —-
430 1283 534 1318 vota
562 1278 647 1318 tria
676 1279 773 1319 496.

350 1361 399 1365 —
423 1335 526 1376 ordo
545 1348 634 1376 non
654 1334 860 1376 fundatus
880 1335 926 1375 in
946 1336 1189 1391 ewangelio
1211 1337 1307 1378 496.

351 1415 400 1420 -
431 1393 619 1433 sciencia
647 1392 860 1433 lucrativa
889 1393 986 1434 221.

344 1473 403 1478 -—
434 1450 649 1504 obligacio
680 1451 777 1491 530.

347 1530 399 1535 —
432 1507 650 1560 sophisma
680 1508 776 1548 530.

349 1587 400 1593 -—-
433 1564 582 1605 edulia
612 1565 708 1605 536.

345 1644 398 1650 —
428 1622 580 1676 religio
595 1621 766 1674 privata
780 1621 1020 1662 secundum
1035 1621 1310 1662 condiciones

402 1679 662 1719 essenciales
691 1691 796 1718 num
825 1678 1056 1719 laudabilis
1087 1683 1154 1719 est
1181 1679 1278 1720 497.

349 1758 397 1764 —-
427 1736 580 1790 religio
609 1735 780 1789 privata
815 1749 921 1775 num
949 1735 1180 1776 laudabilis
1209 1736 1308 1777 498.

345 1815 396 1821 -
428 1793 531 1834 ordo
567 1793 683 1833 idem
721 1793 767 1833 in
802 1805 984 1834 numero
1021 1807 1120 1834 cum
1150 1793 1309 1834 sanctis

399 1850 443 1890 in
472 1850 710 1891 Ierusalem
740 1851 837 1891 454.

346 1931 395 1935 -
413 1908 610 1948 alborum
627 1912 671 1948 et
685 1907 908 1962 nigrorum
915 1907 1087 1948 ordines
1104 1907 1310 1949 differunt

347 2044 398 2050 —
430 2022 556 2076 signa
585 2021 807 2063 sensibilia
836 2023 933 2063 455.

345 2103 396 2107 —
406 2080 604 2134 regulam
613 2079 877 2120 Benedictus
885 2080 1306 2121 consummavit498.

342 2136 397 2177 de
426 2136 602 2177 —achis
632 2149 783 2177 versus
815 2137 911 2178 259.

340 2194 388 2233 in
419 2217 471 2223 —
503 2194 778 2235 mendacium
807 2194 1027 2248 sepultum
1058 2199 1123 2236 est
1151 2196 1247 2236 351.

341 2251 653 2292 Monasterium
682 2251 811 2292 nidus
841 2256 907 2292 est
935 2251 1111 2305 dyaboli
1141 2253 1238 2294 502.

343 2309 451 2349 —rii
485 2313 622 2349 status
658 2309 842 2349 sumitur
868 2323 946 2363 pro
982 2314 1222 2364 aggregato
1253 2322 1308 2351 ex

398 2370 515 2406 statu
542 2367 735 2407 virtuose
764 2367 1109 2408 conversacionis
1139 2368 1236 2409 504.

342 2423 610 2464 Monasticus
641 2424 744 2464 ordo
764 2424 916 2478 religio
935 2425 1108 2478 privata
1128 2429 1194 2466 est
1210 2425 1306 2466 496.

344 2481 522 2522 Moneta
551 2493 678 2522 cruce
709 2481 835 2522 Cristi
862 2482 1036 2536 signata
1066 2484 1162 2524 369.

342 2538 530 2579 Monicio
560 2538 617 2578 ad
645 2538 933 2579 resistendum
958 2539 1179 2580 anticristo
1212 2539 1306 2581 194.

342 2595 583 2636 Monstrum
608 2596 788 2636 fratrum
810 2601 876 2636 est
895 2608 922 2636 a
941 2597 1127 2638 veritate
1148 2597 1307 2637 distan-

402 2652 493 2692 cius
523 2654 620 2693 472.

347 2732 398 2737 -—
429 2709 610 2750 fratrum
640 2714 706 2751 est
734 2710 998 2751 seductivius
1029 2712 1124 2752 472.

343 2767 673 2808 Monstruositas
701 2767 747 2807 in
776 2768 904 2808 sectis
936 2769 1030 2810 143.

346 2846 400 2853 —
428 2837 711 2878 personarum
740 2825 786 2864 in
814 2825 996 2878 prandio
1028 2826 1095 2867 71.

345 2905 396 2909 —
427 2882 474 2921 in
502 2894 683 2923 numero
713 2885 928 2923 sectarum
960 2883 1055 2924 711.

348 2939 579 2980 —sitatum
608 2939 890 2994 culpabilium
919 2940 965 2980 in
985 2940 1171 2981 ecclesia
1200 2940 1307 2982 deus

399 3009 488 3037 non
517 3001 668 3037 auctor
697 3001 762 3038 est
791 2999 889 3039 266.

342 3054 531 3094 Morales
560 3054 742 3095 virtutes
778 3054 977 3095 meliores
1014 3059 1115 3095 sunt
1152 3054 1306 3095 ordini-

400 3111 480 3152 bus
510 3112 608 3152 228.

343 3168 460 3209 Mors
489 3167 651 3222 duplex
682 3170 749 3210 72.

344 3248 398 3253 -
428 3226 597 3266 invidia
637 3226 812 3279 dyaboli
854 3226 1033 3267 intravit
1075 3227 1120 3266 in
1159 3227 1306 3267 orbem

399 3286 612 3323 terrarum
642 3285 740 3325 328.

344 3339 389 3379 in
419 3340 529 3381 —tis
559 3341 741 3382 articulo
779 3340 959 3382 dileccio
1000 3341 1071 3382 dei
1100 3341 1308 3382 continua

342 3453 390 3492 in
421 3459 565 3495 —tem
603 3454 724 3496 ducis
753 3455 1006 3497 Lancastrie
1043 3455 1177 3496 frater
1206 3468 1305 3496 con-

401 3511 533 3552 sentit
567 3513 662 3553 332.

1098 395 1394 435 GENERAL
1425 395 1641 436 INDEX.

1400 542 1502 578 ante
1517 537 1703 578 Mortem
1732 537 1859 578 homo
1879 537 2093 578 morulam
2111 535 2246 578 habet
2263 537 2357 578 124.
2405 562 2409 565 «

1399 599 1523 635 —tes
1553 594 1796 648 principum
1827 595 1894 635 74.
2399 615 2402 618 ⁴

1396 650 1658 692 Mortificata
1693 651 1884 692 dominia
1918 650 2060 692 redire
2092 654 2286 704 possimt
2302 650 2359 690 ad

1454 721 1632 749 manum
1675 709 1821 750 vivam
1858 708 1972 749 infra
2009 708 2144 748 breve
2186 711 2358 784 tempus
2395 723 2397 726 ⁴

1396 797 1558 862 Mortui
1587 822 1818 875 quiescunt
1845 822 1892 862 in
1920 835 1996 876 spe
2026 821 2146 863 felici
2176 822 2272 863 147.
2445 858 2461 879 '1

1400 902 1452 908 —
1483 879 1528 918 in
1547 878 1765 920 habitibus
1784 878 2129 920 mendicancium
2152 892 2243 920 non
2260 891 2360 920 con-
2406 907 2410 913 -ψ
2460 875 2461 886 ’

1455 935 1679 989 dempnati
1709 937 1804 978 198.
2414 940 2417 941 ’
2447 955 2450 962 Δ

1399 997 1627 1033 —tuorum
1655 993 1776 1034 locus
1805 1006 1832 1034 a
1861 994 1944 1034 deo
1974 993 2139 1034 electus
2169 993 2266 1034 147.

1397 1049 1613 1090 Mor-ulam
1633 1055 1736 1091 ante
1756 1055 1939 1091 mortem
1957 1049 2091 1092 habet
2109 1049 2238 1091 homo
2261 1051 2357 1092 124.
2409 1046 2415 1062 ‘

1396 1106 1590 1147 Mosaica
1625 1107 1697 1147 lex
1735 1107 1790 1148 de
1829 1107 2032 1162 conjugio
2075 1111 2359 1162 cognatorum
2414 1150 2442 1157 Ἀ

1395 1220 1571 1273 Moyses
1616 1222 1753 1262 multa
1800 1220 1920 1261 milia
1962 1220 2137 1262 Israelis
2183 1226 2360 1277 propter
2420 1246 2421 1251 =

1453 1278 1714 1330 ydolatriam
1744 1278 1902 1319 occidit
1930 1279 2028 1320 465.

1395 1335 1621 1376 Muliebris
1650 1335 1840 1376 libidinis
1868 1335 1973 1390 igne
2002 1336 2202 1377 accensio
2231 1336 2301 1378 55.

1394 1393 1556 1433 Mulier
1584 1393 1640 1433 ad
1669 1405 1890 1434 venenum
1919 1392 2167 1434 assuefacta
2196 1393 2293 1436 259.

1398 1472 1451 1478 —
1482 1450 1603 1491 fortis
1634 1450 1820 1491 ecclesia
1849 1455 1916 1491 est
1944 1451 2041 1492 658.

1397 1507 1580 1548 —lieres
1610 1511 1846 1549 onerantur
1882 1507 2028 1548 multis
2055 1507 2255 1562 *peccatis
2281 1519 2365 1562 per,
2411 1519 2412 1522 ’

1453 1565 1707 1605 societatem
1737 1565 1974 1606 fraternam
2002 1565 2072 1606 44.

1398 1621 1610 1663 ——lierum
1638 1622 1981 1663 concomitancia
2010 1623 2078 1664 55.
2400 1670 2403 1676 ,

1394 1679 1654 1720 Muliercule
1682 1692 1771 1720 non
1800 1679 1978 1721 stabiles
2006 1679 2052 1720 in
2081 1679 2246 1721 virtute
2288 1680 2358 1721 44.
2396 1687 2402 1691 ²

1397 1759 1449 1765 —
1479 1736 1525 1776 in
1554 1737 1693 1777 forma
1722 1742 1768 1778 et
1795 1736 1948 1778 habitu
1977 1737 2160 1778 fratrum
2186 1737 2256 1779 44.
2466 1736 2468 1750 '

1398 1817 1449 1822 —
1481 1793 1700 1834 ducuntur
1718 1794 1850 1835 variis
1871 1793 2096 1835 desideriis
2117 1793 2359 1836 carnalium
2399 1821 2409 1829 „

1452 1851 1727 1906 voluptatum
1756 1851 1826 1892 44.

1397 1908 1574 1950 —culas
1604 1909 1768 1950 ducunt
1797 1908 1992 1963 captivas
2021 1913 2140 1950 secte
2174 1909 2244 1950 44.

1394 1965 1523 2006 Multi
1553 1971 1654 2007 sunt
1683 1966 1893 2007 anticristi
1923 1970 1968 2008 et
1995 1965 2179 2008 sathane
2208 1966 2306 2008 392.
2361 1971 2364 1974 ⁴
2398 1963 2405 1970 ’

1351 2020 1352 2023 ’
1397 2047 1449 2052 -
1482 2023 1537 2064 de
1567 2028 1688 2064 secta
1717 2022 1844 2065 Cristi
1871 2023 2202 2078 prevaricantur
2231 2023 2328 2066 145.

1350 2082 1352 2120 ξ
1399 2104 1444 2110 -
1480 2085 1582 2121 sunt
1610 2081 1718 2122 false
1748 2081 1938 2122 cristiani
1971 2081 2070 2123 456.

1396 2164 1448 2169 --
1481 2138 1536 2179 de
1565 2138 1694 2180 sectis
1722 2138 1902 2192 privatis
1931 2137 2156 2193 dampnati
2183 2138 2282 2180 526.
2398 2178 2399 2183 ,

1397 2218 1449 2224 —
1483 2195 1643 2237 iniuste
1687 2195 1842 2236 volunt
1884 2195 2041 2237 fratres
2087 2209 2188 2237 suos
2221 2195 2362 2237 occidi
2397 2221 2401 2227 ·

1397 2334 1444 2338 ——
1494 2323 1573 2364 per
1620 2310 1864 2351 mundanas
1912 2309 2092 2352 divicias
2142 2323 2170 2351 a
2217 2309 2362 2352 salute
2390 2307 2391 2310 ’

1452 2368 1597 2408 anime
1627 2367 1895 2409 seducuntur
1924 2368 2022 2409 278.
2391 2367 2395 2370 ’

1395 2447 1450 2453 -
1479 2425 1525 2464 in
1554 2425 1682 2466 sectis
1709 2425 1876 2466 faciunt
1894 2426 2011 2466 bona
2029 2425 2084 2466 de
2104 2436 2268 2480 genere
2287 2426 2359 2467 25.

1397 2482 1506 2523 —tis
1535 2482 1673 2523 modis
1700 2487 1952 2536 peccatores
1979 2487 2082 2524 sunt
2109 2482 2228 2524 fures
2257 2494 2361 2523 con-⁷
2385 2491 2390 2493 ·

1451 2544 1519 2580 tra
1548 2539 1679 2580 deum
1711 2540 1806 2580 121.
2357 2555 2363 2560 ·

1393 2596 1627 2651 Multiplex
1658 2602 1724 2638 est
1751 2597 1897 2638 unitas
1926 2597 1972 2637 in
2001 2610 2180 2652 corpore
2210 2597 2307 2639 328.
2375 2612 2379 2627 1

1395 2654 1583 2708 —plices
1628 2654 1789 2709 gradus
1832 2654 1878 2695 in
1917 2654 2229 2709 expectacione
2266 2651 2389 2699 ani-a

1450 2724 1618 2752 marum
1651 2713 1745 2753 147.

1392 2768 1705 2823 Multiplicacio
1741 2769 1919 2810 testium
1954 2769 2164 2810 falsorum
2207 2771 2385 2819 contre,⁴

1452 2826 1636 2867 Gristum
1669 2828 1765 2868 352.
2381 2825 2385 2854 ².

1392 2883 1741 2938 Multiplicantur
1783 2888 1965 2938 peccata
2010 2881 2365 2954 proporcionabie
2369 2881 2387 2892 ³

1449 2941 1549 2982 liter
1577 2954 1789 2995 penarum
1819 2942 1916 2983 331.
2363 2991 2369 2998 ,

1391 2998 1693 3052 Multipliciter
1720 3002 1839 3039 secte
1867 3010 1916 3040 se
1944 2997 2222 3040 inhabilitant
2249 2998 2319 3039 32.
2347 3009 2390 3086 Ξ]

1392 3055 1628 3096 Multitudo
1658 3056 1763 3096 cleri
1793 3057 1890 3097 605.
2378 3058 2381 3065 ”

1391 3113 2086 3212 zssssszsstsssffigffiarm
2107 3116 2175 3154 0⁸*
2201 3076 2368 3199 ⁰⁰¹⁹&ss
2384 3180 2393 3192 .-

1392 3227 1619 3268 Mundana
1647 3227 1890 3269 sollicitudo
1919 3232 2135 3269 sectarum
2165 3226 2234 3268 75.
2374 3252 2379 3260 ν

1399 3297 1581 3325 -anam
1624 3285 1954 3339 prosperitatem
1991 3289 2110 3326 secte
2143 3277 2387 3339 appetam&-L

1394 3399 1524 3439 —ani
1552 3399 1699 3440 clerici
1728 3404 1773 3440 et
1801 3399 1953 3440 fideles
1983 3398 2111 3440 Cristi
2139 3398 2237 3440 219.

1394 3468 1630 3497 —anorum
1645 3457 1807 3497 noticia
1824 3456 1947 3510 peior
1960 3468 2092 3511 quam
2100 3453 2351 3496 anima208.
2387 3471 2393 3494 ς

1391 3513 1615 3554 Mundicia
1644 3513 1783 3554 cordis
1812 3515 1880 3555 27.
