2528 4074
387 376 488 424 828

385 513 609 567 Simplices
638 510 884 552 sacerdotes
912 524 1000 555 non
1021 515 1178 565 gerunt
1206 510 1348 551 vicem

442 568 770 623 discipulorum,
809 567 891 608 nisi
928 567 974 608 in
1001 565 1223 622 :quantum
1267 567 1348 621 ipsi

441 631 542 668 sunt
572 625 771 679 discipuli
801 626 898 666 506.

387 684 505 724 —in
535 683 718 724 ecclesia
745 682 1010 723 seducuntur
1041 694 1067 723 a
1094 681 1222 723 sectis
1243 694 1347 736 qua-

442 746 540 782 tuor
569 741 666 782 394.

385 797 618 839 Simulacio
648 795 779 838 officii
806 796 850 836 in
871 795 1003 836 Saule
1023 795 1230 849 probatur
1251 795 1346 837 172.

387 877 440 885 —
470 854 711 896 sanctitatis
740 853 910 894 odibilis
941 857 1006 893 est
1037 853 1118 894 deo
1148 853 1245 893 470.

387 935 440 942 —
471 911 581 952 falsa
611 910 851 951 sanctitatis
880 909 1087 963 ypocrisis
1118 914 1183 950 est
1212 910 1308 950 470.

388 968 602 1010 Simulant
631 966 859 1008 mendacia
888 971 1004 1006 secte
1038 967 1132 1007 143.

391 1048 443 1056 —
475 1024 750 1066 sanctitatem
779 1023 877 1063 falsi
905 1022 1114 1076 prophete
1145 1023 1242 1065 473.

389 1082 610 1136 Sinagoga
639 1080 820 1121 sathane
852 1081 948 1121 353.

386 1150 556 1193 —goge
594 1138 787 1178 membra
830 1140 1048 1178 sectarum
1083 1136 1266 1177 fundata
1302 1136 1348 1176 in

442 1194 671 1236 mendacio
703 1195 801 1236 353.

386 1253 563 1294 Sincera
593 1256 637 1293 et
665 1251 803 1292 libera
831 1255 951 1292 secta
982 1250 1109 1292 Cristi
1139 1251 1205 1292 73.

388 1310 530 1351 —rius
561 1309 691 1350 deum
722 1308 909 1363 diligunt
939 1308 1078 1349 sancti
1109 1309 1203 1349 125.

386 1366 619 1408 Sinceritas
650 1365 778 1406 Gristi
806 1365 1005 1406 ordinum
1036 1366 1103 1406 61.

386 1424 569 1479 Singula
598 1423 806 1464 mandata
835 1422 1034 1477 decalogi
1066 1423 1160 1463 118.

387 1481 608 1536 Singulari
643 1492 827 1534 persone
865 1479 919 1520 de
956 1479 1096 1520 hostia
1132 1493 1220 1520 non
1260 1492 1349 1520 cre-

444 1538 637 1580 dendum
667 1539 764 1579 384.

386 1595 578 1637 Societas
616 1598 767 1635 sancta
804 1594 986 1634 collecta
1024 1594 1079 1634 ad
1109 1593 1348 1635 edificacio-

442 1666 548 1693 num
579 1651 762 1692 ecclesie
799 1652 892 1692 133.

387 1732 442 1740 —
472 1709 664 1750 fraterna
684 1712 836 1749 onerat
855 1708 1061 1749 mulieres
1082 1708 1229 1758 multis
1248 1721 1347 1763 pec-

445 1766 553 1807 catis
584 1766 652 1807 44.

390 1823 505 1865 Socii
534 1822 696 1864 domini
725 1822 950 1863 caritatem
979 1821 1143 1864 habent
1173 1824 1240 1864 62.

388 1904 441 1910 —
471 1893 584 1935 pape
615 1880 866 1921 assistentes
897 1881 994 1920 687.

386 1938 571 1980 Sodome
600 1941 829 1991 peccatum
848 1936 1123 1991 quadruplex
1142 1936 1348 1991 iniquitas

386 2052 460 2094 Sol
487 2052 656 2093 iusticie
687 2051 784 2093 348.

382 2133 435 2140 —-
465 2109 678 2150 naturalis
708 2108 912 2150 continue
944 2108 990 2148 in
1010 2107 1237 2163 presencia
1257 2107 1347 2148 via-

438 2167 543 2208 toris
574 2167 670 2208 302.

384 2224 476 2265 —is
504 2224 674 2265 iusticie
703 2222 897 2264 vindicta
927 2224 994 2264 71.

382 2282 597 2323 Solarium
625 2280 863 2334 temporale
893 2285 1009 2321 secte
1040 2279 1248 2321 affectant
1276 2280 1344 2321 43.

384 2339 534 2379 —aria
561 2342 770 2392 usurpata
797 2338 979 2378 fratrum
1011 2338 1105 2379 193.

383 2396 550 2444 Solidos
570 2400 746 2436 centum
766 2395 950 2449 quilibet
966 2395 1100 2436 stater
1115 2394 1169 2436 de
1186 2393 1347 2449 Anglia

441 2453 647 2507 expendit
677 2453 744 2493 28.

385 2524 564 2551 —orum
593 2514 769 2551 centum
802 2522 1018 2564 expensus
1051 2510 1145 2551 193.

385 2567 617 2608 Sollicitari
646 2567 700 2608 de
731 2567 839 2619 loco,
871 2567 1118 2621 quantitate
1149 2570 1214 2607 est
1243 2565 1346 2607 stul-

442 2625 545 2665 ticia
577 2624 672 2665 148.

386 2681 568 2723 Solliciti
597 2685 698 2721 sunt
727 2680 898 2721 ordines
928 2680 1042 2721 circa
1071 2681 1255 2721 bonores
1277 2680 1344 2721 57.

388 2743 488 2779 —te
518 2750 641 2779 orare
670 2738 716 2777 in
745 2737 931 2778 claustro
961 2737 1140 2778 basilica
1159 2737 1233 2778 vel
1251 2737 1346 2778 loco

443 2795 694 2836 abscondito
724 2795 821 2835 345.

387 2852 638 2894 Sollicitudo
667 2851 852 2893 ftatrum
879 2851 926 2891 in
956 2851 1086 2892 deum
1117 2852 1183 2892 57.

388 2933 442 2939 —
473 2909 696 2950 mundana
725 2913 942 2950 sectarum
971 2909 1040 2950 75.

389 2990 443 2997 —
471 2967 687 3008 laboriosa
715 2966 898 3007 fratrum
928 2967 995 3007 39.

390 3024 596 3065 —tudine
625 3036 714 3064 non
744 3022 952 3065 deficiunt
979 3026 1097 3064 secte
1128 3023 1195 3063 57.

392 3081 565 3123 Solucio
595 3080 786 3121 Sathane
817 3082 884 3122 68.

390 3161 444 3168 —
474 3138 666 3180 Sathane
695 3142 792 3191 post
819 3137 938 3179 mille
969 3150 1104 3179 annos
1134 3138 1231 3179 391.

390 3221 443 3227 —-
475 3196 724 3237 obiectuum
752 3195 963 3236 laicorum
995 3196 1089 3237 176.

395 3275 448 3283 -
479 3252 676 3294 ordinum
705 3252 751 3292 in
779 3256 943 3293 sectam
973 3251 1100 3293 Cristi
1128 3254 1225 3294 481.

391 3309 566 3351 Solutus
596 3308 801 3350 sathanas
830 3322 933 3364 sepe
968 3310 1014 3350 in
1047 3310 1186 3364 primo
1214 3308 1350 3350 mille-

447 3368 569 3408 nario
600 3368 699 3410 393.

393 3423 571 3465 Solvere
623 3428 667 3464 et
714 3423 852 3478 ligare
901 3423 1178 3465 conformiter
1221 3423 1354 3478 capiti
1440 3423 1624 3478 Sperare
1662 3424 1793 3467 debet
1820 3425 1961 3466 viator
1989 3424 2172 3479 quilibet
2199 3421 2316 3479 quod
2343 3421 2398 3463 sit
2462 3412 2497 3483 ‘3

450 3481 631 3522 ecclesie
661 3481 757 3522 624.

1107 368 1404 409 GENERAL
1435 367 1651 408 INDEX.

1434 509 1571 550 Solvit
1590 509 1736 550 Iesum
1756 510 1830 564 qui
1850 521 1981 550 causa
2012 513 2077 550 est
2107 520 2242 562 quare
2271 508 2394 549 Iesus
2436 548 2438 553 ,

1491 570 1536 607 et
1565 566 1697 608 frater
1725 567 1771 607 in
1801 566 1937 608 Cristo
1968 565 2228 620 colligantur
2257 566 2325 606 64.

1423 626 1589 664 ‘—etur
1631 623 1835 665 sathanas
1878 628 1975 678 post
2011 622 2129 667 mille
2166 634 2303 664 annos
2340 621 2394 663 de

1491 693 1568 721 suo
1600 693 1773 722 carcere
1805 683 1901 722 395.

1434 736 1708 791 Sompniacio
1738 751 1890 779 sensus
1920 737 2128 791 scripture
2160 737 2228 778 74.

1435 793 1663 848 Sophisma
1692 795 2002 836 monachorum
2034 795 2130 836 530.

1438 874 1490 880 -
1522 851 1698 903 dyaboli
1726 852 1913 893 faciliter
1939 852 2221 906 impugnatur
2249 850 2346 892 325.

1436 930 1489 937 —-
1529 908 1739 949 anticristi
1781 909 1954 950 videtur
1995 908 2236 960 intendere,
2281 906 2398 962 quod

1493 978 1581 1005 non
1610 969 1711 1005 sunt
1739 978 1866 1020 reges
1894 966 1968 1007 vel
1996 965 2214 1007 seculares
2235 964 2398 1006 domini

1436 1077 1637 1132 Sophista
1666 1078 1863 1132 ypocrita
1893 1078 2068 1132 dyaboli
2096 1079 2193 1122 470.

1438 1157 1490 1164 —-
1522 1135 1640 1189 cupit
1670 1147 1880 1189 apparere
1909 1135 2083 1190 sapiens
2111 1132 2208 1178 470.

1439 1192 1574 1233 —iste
1605 1192 1899 1233 substanciam
1935 1193 2195 1235 sacramenti
2232 1193 2398 1235 destru-
2451 1226 2454 1228 v

1494 1262 1567 1290 ere
1597 1249 1797 1290 nituntur
1827 1250 1923 1291 622.

1436 1306 1745 1360 Sophisticacio
1775 1306 2154 1360 indulgenciamm
2185 1307 2281 1350 149.

1439 1385 1491 1392 —
1523 1364 1569 1403 in
1600 1364 1738 1405 tribus
1767 1364 1972 1405 funiculis
2003 1364 2100 1405 166.

1439 1443 1493 1450 —
1525 1421 1737 1462 oracionis
1767 1425 1983 1462 sectarum
2013 1421 2110 1463 354.
2270 1472 2274 1474 ,

1439 1477 1734 1532 Sophisticalis
1762 1491 1877 1532 pape
1906 1478 2110 1532 potencia
2141 1478 2236 1520 166.

1437 1535 1729 1589 Sophisticant
1757 1536 1894 1577 verba
1923 1535 1995 1577 dei
2022 1535 2177 1577 fratres
2208 1536 2276 1577 56.

1440 1597 1590 1633 —atus
1628 1598 1694 1634 est
1729 1592 1942 1646 dyabolus
1978 1605 2059 1648 per
2087 1592 2272 1634 Oristum
2301 1593 2399 1635 263.

1438 1654 1592 1690 -atus
1621 1662 1772 1691 sensus
1804 1651 1900 1692 119.

1436 1711 1567 1747 ——ata
1603 1708 1824 1762 responsio
1855 1706 2163 1762 discipulorum
2192 1706 2402 1748 anticristi

1437 1825 1611 1862 —atam
1646 1821 1904 1876 religionem
1933 1825 2051 1863 secte
2081 1826 2126 1863 et
2154 1821 2309 1863 ftatres
2337 1820 2401 1861 in-

1492 1878 1727 1920 troducunt
1757 1881 1854 1921 335.
2442 1879 2443 1882 ’

1439 1936 1851 2034 -31ὲ1ἒερο11010110111
1878 1935 2060 1978 heretici
2086 1934 2209 1976 laicis
2228 1933 2400 1990 fingunt
2433 1932 2441 1943 ‘

1437 2050 1555 2091 —ati
1583 2050 1734 2091 fovent
1762 2050 2038 2104 iniquitatem
2067 2049 2244 2103 dyaboli
2273 2049 2370 2092 263.

1438 2131 1490 2136 —
1511 2107 1806 2161 predicatores
1826 2107 1978 2149 fideles
1997 2112 2282 2162 persecuntur
2300 2107 2397 2149 263.

1435 2179 1534 2205 cum
1564 2164 1789 2206 Sororibus
1818 2165 2072 2220 conjugium
2103 2166 2198 2207 167.

1435 2222 1490 2263 de
1522 2245 1576 2252 —
1613 2222 1691 2263 filii
1727 2222 1869 2263 Adam
1897 2222 2108 2278 coniuges
2136 2225 2400 2278 acceperunt
2451 2232 2453 2235 ·

1434 2335 1579 2377 Sortes
1608 2341 1792 2391 apparet
1820 2349 1915 2378 esse
1945 2337 2136 2392 sophista
2163 2336 2262 2377 471.

1434 2393 1643 2448 Specialis
1681 2394 1965 2436 observancia
1993 2392 2304 2448 complexionis
2327 2392 2398 2446 ju·
2418 2398 2451 2432 f

1491 2463 1656 2492 venum
1684 2452 1782 2493 468.
2199 2452 2203 2458 ’

1433 2530 1489 2538 -
1522 2509 1692 2550 mencio
1723 2508 1777 2550 de
1807 2508 2011 2550 fratribus
2042 2509 2110 2551 79.

1436 2588 1489 2595 —-
1521 2565 1673 2607 domus
1703 2565 1867 2607 domini
1896 2571 1962 2608 est
1991 2565 2175 2608 ecclesia
2205 2565 2302 2608 372.

1435 2622 1689 2677 Specialiter
1731 2627 1850 2665 secte
1895 2624 2128 2665 observant
2170 2635 2295 2664 suam
2333 2635 2398 2665 re-

1470 2680 1642 2735 gulam
1674 2681 1768 2722 181.

1435 2737 1612 2792 Species
1641 2738 1748 2779 ritus
1778 2738 1846 2780 80.

1437 2818 1490 2824 -
1520 2795 1830 2849 specialissima
1857 2795 2056 2836 ordinum
2085 2795 2153 2837 25.

1438 2875 1488 2882 —
1521 2864 1622 2893 suas
1665 2857 1783 2893 secte
1821 2853 1999 2907 capiunt
2035 2865 2062 2894 a
2098 2851 2254 2908 regula
2291 2855 2336 2894 et
2372 2863 2400 2893 a
2440 2895 2441 2898 ,
2504 2865 2506 2870 ’

1491 2909 1683 2963 patronis
1712 2910 1809 2951 273.

1437 2989 1490 2995 —-
1521 2966 1703 3008 fratrum
1732 2967 1956 3008 auferatur
1985 2967 2039 3009 de
2070 2966 2256 3009 ecclesia
2286 2967 2353 3009 80.
2441 2943 2445 2995 s
2505 2963 2507 2965 ’

1437 3036 1565 3065 —em
1593 3024 1768 3078 pietatis
1797 3024 1960 3066 habent
1989 3028 2106 3066 secte
2135 3025 2205 3067 43.

1437 3081 1552 3122 —iei
1578 3082 1857 3135 participacio
1888 3083 1984 3124 706.

1437 3137 1668 3192 Specificat
1696 3151 1813 3193 papa
1842 3139 2014 3180 ordines
2044 3140 2112 3180 58.

1437 3195 1744 3250 Spectaculum
1774 3196 1909 3238 fallax
1935 3197 2117 3237 fratrum
2136 3194 2306 3238 seducit
2323 3208 2398 3250 po·
2428 3223 2429 3226 =
2506 3227 2507 3234 ,

1494 3253 1647 3307 pulum
1682 3253 1778 3294 254.

1437 3310 1483 3350 in
1520 3309 1835 3364 Speculacione
1880 3310 2104 3366 quiescere
2132 3310 2276 3352 viator
2310 3318 2398 3351 non
2458 3307 2459 3310 ’
2505 3295 2508 3301 ’

1501 3366 1631 3409 debet
1661 3367 1758 3409 214.

1498 3481 1552 3523 de
1582 3494 1763 3523 numero
1792 3482 2100 3523 salvandorum
2129 3483 2225 3524 365.
