<?xml version="1.0" encoding="UTF-8"?>
<!DOCTYPE html PUBLIC "-//W3C//DTD XHTML 1.0 Transitional//EN"
    "http://www.w3.org/TR/xhtml1/DTD/xhtml1-transitional.dtd">
<html xmlns="http://www.w3.org/1999/xhtml" xml:lang="en" lang="en">
 <head>
  <title>
</title>
<meta http-equiv="Content-Type" content="text/html;charset=utf-8" />
  <meta name='ocr-system' content='tesseract 3.04.00' />
  <meta name='ocr-capabilities' content='ocr_page ocr_carea ocr_par ocr_line ocrx_word'/>
</head>
<body>
  <div class='ocr_page' id='page_1' title='image "./johnwiclifspolem02wycluoft_0460.png"; bbox 0 0 2528 4074; ppageno 0'>
   <div class='ocr_carea' id='block_1_1' title="bbox 365 433 467 481">
    <p class='ocr_par' dir='ltr' id='par_1_1' title="bbox 365 433 467 481">
     <span class='ocr_line' id='line_1_1' title="bbox 365 433 467 481; baseline -0.02 0"><span class='ocrx_word' id='word_1_1' title='bbox 365 433 467 481; x_wconf 87' lang='lat'>830</span> 
     </span>
    </p>
   </div>
   <div class='ocr_carea' id='block_1_2' title="bbox 362 566 1339 3577">
    <p class='ocr_par' dir='ltr' id='par_1_2' title="bbox 362 566 1000 624">
     <span class='ocr_line' id='line_1_2' title="bbox 362 566 1000 624; baseline -0.008 -13"><span class='ocrx_word' id='word_1_2' title='bbox 362 570 500 624; x_wconf 89' lang='lat' dir='ltr'>magis</span> <span class='ocrx_word' id='word_1_3' title='bbox 530 568 663 622; x_wconf 84' lang='lat' dir='ltr'>Spissi</span> <span class='ocrx_word' id='word_1_4' title='bbox 692 566 873 608; x_wconf 90' lang='lat' dir='ltr'>heretici</span> <span class='ocrx_word' id='word_1_5' title='bbox 905 566 1000 607; x_wconf 89' lang='lat'><strong>398.</strong></span> 
     </span>
    </p>

    <p class='ocr_par' dir='ltr' id='par_1_3' title="bbox 362 619 1326 724">
     <span class='ocr_line' id='line_1_3' title="bbox 362 619 1326 682; baseline -0.009 -14"><span class='ocrx_word' id='word_1_6' title='bbox 362 627 509 682; x_wconf 86' lang='lat' dir='ltr'>Spolia</span> <span class='ocrx_word' id='word_1_7' title='bbox 539 625 593 667; x_wconf 88' lang='lat' dir='ltr'>de</span> <span class='ocrx_word' id='word_1_8' title='bbox 622 624 886 679; x_wconf 80' lang='lat' dir='ltr'>pauperibus</span> <span class='ocrx_word' id='word_1_9' title='bbox 907 620 1153 663; x_wconf 89' lang='lat' dir='ltr'>mendicata</span> <span class='ocrx_word' id='word_1_10' title='bbox 1171 619 1326 660; x_wconf 88' lang='lat' dir='ltr'>fratres</span> 
     </span>
     <span class='ocr_line' id='line_1_4' title="bbox 420 683 739 724; baseline -0.003 0"><span class='ocrx_word' id='word_1_11' title='bbox 420 683 614 724; x_wconf 89' lang='lat' dir='ltr'>inferunt</span> <span class='ocrx_word' id='word_1_12' title='bbox 643 683 739 723; x_wconf 84' lang='lat'><strong>369.</strong></span> 
     </span>
    </p>

    <p class='ocr_par' dir='ltr' id='par_1_4' title="bbox 363 732 1324 839">
     <span class='ocr_line' id='line_1_5' title="bbox 363 732 1324 794; baseline -0.009 -12"><span class='ocrx_word' id='word_1_13' title='bbox 363 741 417 782; x_wconf 91' lang='lat' dir='ltr'>de</span> <span class='ocrx_word' id='word_1_14' title='bbox 457 740 580 781; x_wconf 90' lang='lat' dir='ltr'>-liis</span> <span class='ocrx_word' id='word_1_15' title='bbox 617 751 859 794; x_wconf 89' lang='lat' dir='ltr'>pauperum</span> <span class='ocrx_word' id='word_1_16' title='bbox 895 736 1137 778; x_wconf 54' lang='lat' dir='ltr'>convivam.</span> <span class='ocrx_word' id='word_1_17' title='bbox 1165 746 1211 775; x_wconf 87' lang='lat' dir='ltr'>se</span> <span class='ocrx_word' id='word_1_18' title='bbox 1242 732 1324 773; x_wconf 85' lang='lat' dir='ltr'>fra-</span> 
     </span>
     <span class='ocr_line' id='line_1_6' title="bbox 419 797 605 839; baseline -0.005 0"><span class='ocrx_word' id='word_1_19' title='bbox 419 803 507 839; x_wconf 91' lang='lat' dir='ltr'>tres</span> <span class='ocrx_word' id='word_1_20' title='bbox 538 797 605 839; x_wconf 93' lang='lat'>71.</span> 
     </span>
    </p>

    <p class='ocr_par' dir='ltr' id='par_1_5' title="bbox 365 848 1326 967">
     <span class='ocr_line' id='line_1_7' title="bbox 365 848 1326 910; baseline -0.011 -13"><span class='ocrx_word' id='word_1_21' title='bbox 365 854 581 910; x_wconf 87' lang='lat' dir='ltr'>Spoliacio</span> <span class='ocrx_word' id='word_1_22' title='bbox 617 851 839 894; x_wconf 91' lang='lat' dir='ltr'>hominum</span> <span class='ocrx_word' id='word_1_23' title='bbox 875 863 952 905; x_wconf 90' lang='lat' dir='ltr'>per</span> <span class='ocrx_word' id='word_1_24' title='bbox 980 850 1114 892; x_wconf 91' lang='lat' dir='ltr'>verba</span> <span class='ocrx_word' id='word_1_25' title='bbox 1144 848 1198 888; x_wconf 90' lang='lat' dir='ltr'>de</span> <span class='ocrx_word' id='word_1_26' title='bbox 1227 859 1326 901; x_wconf 89' lang='lat' dir='ltr'>pur-</span> 
     </span>
     <span class='ocr_line' id='line_1_8' title="bbox 422 911 714 967; baseline -0.014 -13"><span class='ocrx_word' id='word_1_27' title='bbox 422 911 588 967; x_wconf 86' lang='lat' dir='ltr'>gatorio</span> <span class='ocrx_word' id='word_1_28' title='bbox 620 911 714 951; x_wconf 88' lang='lat'>146.</span> 
     </span>
    </p>

    <p class='ocr_par' dir='ltr' id='par_1_6' title="bbox 366 964 1095 1023">
     <span class='ocr_line' id='line_1_9' title="bbox 366 964 1095 1023; baseline -0.01 -13"><span class='ocrx_word' id='word_1_29' title='bbox 366 991 421 999; x_wconf 91' lang='lat'>—</span> <span class='ocrx_word' id='word_1_30' title='bbox 451 966 654 1023; x_wconf 90' lang='lat' dir='ltr'>pauperis</span> <span class='ocrx_word' id='word_1_31' title='bbox 683 978 761 1020; x_wconf 89' lang='lat' dir='ltr'>per</span> <span class='ocrx_word' id='word_1_32' title='bbox 788 964 969 1018; x_wconf 87' lang='lat' dir='ltr'>tallagia</span> <span class='ocrx_word' id='word_1_33' title='bbox 999 964 1095 1004; x_wconf 90' lang='lat'><strong>246.</strong></span> 
     </span>
    </p>

    <p class='ocr_par' dir='ltr' id='par_1_7' title="bbox 365 1017 1326 1135">
     <span class='ocr_line' id='line_1_10' title="bbox 365 1017 1326 1080; baseline -0.01 -13"><span class='ocrx_word' id='word_1_34' title='bbox 365 1048 418 1056; x_wconf 89' lang='lat'>—</span> <span class='ocrx_word' id='word_1_35' title='bbox 448 1036 690 1080; x_wconf 88' lang='lat' dir='ltr'>pauperum</span> <span class='ocrx_word' id='word_1_36' title='bbox 726 1034 959 1077; x_wconf 85' lang='lat' dir='ltr'>regnorum</span> <span class='ocrx_word' id='word_1_37' title='bbox 997 1020 1050 1061; x_wconf 87' lang='lat' dir='ltr'>de</span> <span class='ocrx_word' id='word_1_38' title='bbox 1080 1017 1326 1072; x_wconf 88' lang='lat' dir='ltr'>temporali-</span> 
     </span>
     <span class='ocr_line' id='line_1_11' title="bbox 421 1079 891 1135; baseline -0.011 -11"><span class='ocrx_word' id='word_1_39' title='bbox 421 1084 501 1124; x_wconf 89' lang='lat' dir='ltr'>bus</span> <span class='ocrx_word' id='word_1_40' title='bbox 531 1094 610 1135; x_wconf 90' lang='lat' dir='ltr'>per</span> <span class='ocrx_word' id='word_1_41' title='bbox 638 1079 793 1120; x_wconf 81' lang='lat' dir='ltr'>ftatres</span> <span class='ocrx_word' id='word_1_42' title='bbox 824 1080 891 1119; x_wconf 88' lang='grc'>39.</span> 
     </span>
    </p>

    <p class='ocr_par' dir='ltr' id='par_1_8' title="bbox 366 1132 1325 1193">
     <span class='ocr_line' id='line_1_12' title="bbox 366 1132 1325 1193; baseline -0.008 -13"><span class='ocrx_word' id='word_1_43' title='bbox 366 1163 418 1169; x_wconf 91' lang='grc'>-</span> <span class='ocrx_word' id='word_1_44' title='bbox 450 1150 692 1193; x_wconf 90' lang='lat' dir='ltr'>pauperum</span> <span class='ocrx_word' id='word_1_45' title='bbox 707 1135 977 1190; x_wconf 82' lang='lat' dir='ltr'>plebeiorum</span> <span class='ocrx_word' id='word_1_46' title='bbox 991 1146 1070 1188; x_wconf 92' lang='lat' dir='ltr'>per</span> <span class='ocrx_word' id='word_1_47' title='bbox 1082 1132 1237 1174; x_wconf 87' lang='lat' dir='ltr'>fratres</span> <span class='ocrx_word' id='word_1_48' title='bbox 1258 1133 1325 1173; x_wconf 90' lang='lat'>69.</span> 
     </span>
    </p>

    <p class='ocr_par' dir='ltr' id='par_1_9' title="bbox 366 1190 1253 1250">
     <span class='ocr_line' id='line_1_13' title="bbox 366 1190 1253 1250; baseline -0.008 -13"><span class='ocrx_word' id='word_1_49' title='bbox 366 1220 418 1226; x_wconf 92' lang='lat'>—-</span> <span class='ocrx_word' id='word_1_50' title='bbox 449 1207 691 1250; x_wconf 90' lang='lat' dir='ltr'>pauperum</span> <span class='ocrx_word' id='word_1_51' title='bbox 721 1193 776 1234; x_wconf 89' lang='lat' dir='ltr'>de</span> <span class='ocrx_word' id='word_1_52' title='bbox 805 1192 929 1234; x_wconf 91' lang='lat' dir='ltr'>bonis</span> <span class='ocrx_word' id='word_1_53' title='bbox 958 1190 1156 1245; x_wconf 87' lang='lat' dir='ltr'>pauculis</span> <span class='ocrx_word' id='word_1_54' title='bbox 1187 1190 1253 1231; x_wconf 93' lang='lat'>72.</span> 
     </span>
    </p>

    <p class='ocr_par' dir='ltr' id='par_1_10' title="bbox 365 1249 1097 1304">
     <span class='ocr_line' id='line_1_14' title="bbox 365 1249 1097 1304; baseline -0.008 -10"><span class='ocrx_word' id='word_1_55' title='bbox 365 1276 418 1283; x_wconf 89' lang='lat'>—</span> <span class='ocrx_word' id='word_1_56' title='bbox 448 1251 727 1293; x_wconf 79' lang='lat' dir='ltr'>fraudulenta</span> <span class='ocrx_word' id='word_1_57' title='bbox 756 1261 993 1304; x_wconf 87' lang='lat' dir='ltr'>egenorum</span> <span class='ocrx_word' id='word_1_58' title='bbox 1028 1249 1097 1289; x_wconf 89' lang='lat'>40.</span> 
     </span>
    </p>

    <p class='ocr_par' dir='ltr' id='par_1_11' title="bbox 365 1306 1115 1363">
     <span class='ocr_line' id='line_1_15' title="bbox 365 1306 1115 1363; baseline -0.008 -11"><span class='ocrx_word' id='word_1_59' title='bbox 365 1334 417 1340; x_wconf 97' lang='lat'>—</span> <span class='ocrx_word' id='word_1_60' title='bbox 448 1307 751 1363; x_wconf 84' lang='lat' dir='ltr'>temporalium</span> <span class='ocrx_word' id='word_1_61' title='bbox 778 1307 990 1348; x_wconf 89' lang='lat' dir='ltr'>bonorum</span> <span class='ocrx_word' id='word_1_62' title='bbox 1021 1306 1115 1346; x_wconf 89' lang='lat'><strong>149.</strong></span> 
     </span>
    </p>

    <p class='ocr_par' dir='ltr' id='par_1_12' title="bbox 367 1363 1107 1418">
     <span class='ocr_line' id='line_1_16' title="bbox 367 1363 1107 1418; baseline -0.008 -9"><span class='ocrx_word' id='word_1_63' title='bbox 367 1390 420 1398; x_wconf 90' lang='lat'>—</span> <span class='ocrx_word' id='word_1_64' title='bbox 449 1367 631 1408; x_wconf 82' lang='lat' dir='ltr'>fratrum</span> <span class='ocrx_word' id='word_1_65' title='bbox 661 1377 688 1406; x_wconf 91' lang='lat' dir='ltr'>a</span> <span class='ocrx_word' id='word_1_66' title='bbox 716 1363 980 1418; x_wconf 85' lang='lat' dir='ltr'>pauperibus</span> <span class='ocrx_word' id='word_1_67' title='bbox 1012 1363 1107 1403; x_wconf 86' lang='lat'><strong>194.</strong></span> 
     </span>
    </p>

    <p class='ocr_par' dir='ltr' id='par_1_13' title="bbox 365 1417 1328 1522">
     <span class='ocr_line' id='line_1_17' title="bbox 365 1417 1328 1478; baseline -0.008 -12"><span class='ocrx_word' id='word_1_68' title='bbox 365 1448 417 1454; x_wconf 94' lang='lat'>—</span> <span class='ocrx_word' id='word_1_69' title='bbox 456 1428 500 1465; x_wconf 90' lang='lat' dir='ltr'>et</span> <span class='ocrx_word' id='word_1_70' title='bbox 535 1421 826 1478; x_wconf 85' lang='lat' dir='ltr'>strangulacio</span> <span class='ocrx_word' id='word_1_71' title='bbox 865 1421 1096 1461; x_wconf 87' lang='lat' dir='ltr'>mulierum</span> <span class='ocrx_word' id='word_1_72' title='bbox 1132 1431 1210 1473; x_wconf 90' lang='lat' dir='ltr'>per</span> <span class='ocrx_word' id='word_1_73' title='bbox 1245 1417 1328 1458; x_wconf 89' lang='lat' dir='ltr'>fra-</span> 
     </span>
     <span class='ocr_line' id='line_1_18' title="bbox 422 1482 612 1522; baseline -0.011 0"><span class='ocrx_word' id='word_1_74' title='bbox 422 1486 510 1522; x_wconf 90' lang='lat' dir='ltr'>tres</span> <span class='ocrx_word' id='word_1_75' title='bbox 544 1482 612 1522; x_wconf 87' lang='grc'>69.</span> 
     </span>
    </p>

    <p class='ocr_par' dir='ltr' id='par_1_14' title="bbox 366 1532 1328 1636">
     <span class='ocr_line' id='line_1_19' title="bbox 366 1532 1328 1590; baseline -0.006 -11"><span class='ocrx_word' id='word_1_76' title='bbox 366 1562 417 1569; x_wconf 88' lang='lat'>--</span> <span class='ocrx_word' id='word_1_77' title='bbox 423 1539 592 1580; x_wconf 89' lang='lat' dir='ltr'>cionem</span> <span class='ocrx_word' id='word_1_78' title='bbox 599 1548 840 1590; x_wconf 90' lang='lat' dir='ltr'>pauperum</span> <span class='ocrx_word' id='word_1_79' title='bbox 849 1533 1032 1589; x_wconf 88' lang='lat' dir='ltr'>apostoli</span> <span class='ocrx_word' id='word_1_80' title='bbox 1039 1532 1328 1586; x_wconf 88' lang='lat' dir='ltr'>condempna-</span> 
     </span>
     <span class='ocr_line' id='line_1_20' title="bbox 422 1595 650 1636; baseline -0.009 0"><span class='ocrx_word' id='word_1_81' title='bbox 422 1599 524 1636; x_wconf 83' lang='lat' dir='ltr'>runt</span> <span class='ocrx_word' id='word_1_82' title='bbox 553 1595 650 1635; x_wconf 92' lang='lat'><strong>254.</strong></span> 
     </span>
    </p>

    <p class='ocr_par' dir='ltr' id='par_1_15' title="bbox 364 1647 1245 1705">
     <span class='ocr_line' id='line_1_21' title="bbox 364 1647 1245 1705; baseline -0.006 -12"><span class='ocrx_word' id='word_1_83' title='bbox 364 1653 421 1694; x_wconf 93' lang='lat' dir='ltr'>ad</span> <span class='ocrx_word' id='word_1_84' title='bbox 451 1675 505 1682; x_wconf 94' lang='lat'>—</span> <span class='ocrx_word' id='word_1_85' title='bbox 534 1649 684 1705; x_wconf 91' lang='lat' dir='ltr'>populi</span> <span class='ocrx_word' id='word_1_86' title='bbox 711 1649 864 1690; x_wconf 89' lang='lat' dir='ltr'>fratres</span> <span class='ocrx_word' id='word_1_87' title='bbox 892 1647 1119 1702; x_wconf 80' lang='lat' dir='ltr'>predicant</span> <span class='ocrx_word' id='word_1_88' title='bbox 1149 1647 1245 1689; x_wconf 87' lang='lat'><strong>371.</strong></span> 
     </span>
    </p>

    <p class='ocr_par' dir='ltr' id='par_1_16' title="bbox 369 1705 1185 1750">
     <span class='ocr_line' id='line_1_22' title="bbox 369 1705 1185 1750; baseline -0.007 1"><span class='ocrx_word' id='word_1_89' title='bbox 369 1709 621 1750; x_wconf 80' lang='lat' dir='ltr'>——cionibus</span> <span class='ocrx_word' id='word_1_90' title='bbox 650 1707 831 1748; x_wconf 81' lang='lat' dir='ltr'>fratrum</span> <span class='ocrx_word' id='word_1_91' title='bbox 859 1705 1058 1747; x_wconf 87' lang='lat' dir='ltr'>resistere</span> <span class='ocrx_word' id='word_1_92' title='bbox 1091 1705 1185 1746; x_wconf 90' lang='lat'><strong>194.</strong></span> 
     </span>
    </p>

    <p class='ocr_par' dir='ltr' id='par_1_17' title="bbox 370 1763 1045 1818">
     <span class='ocr_line' id='line_1_23' title="bbox 370 1763 1045 1818; baseline -0.009 -10"><span class='ocrx_word' id='word_1_93' title='bbox 370 1793 418 1799; x_wconf 89' lang='lat'>—</span> <span class='ocrx_word' id='word_1_94' title='bbox 447 1765 654 1807; x_wconf 88' lang='lat' dir='ltr'>resistunt</span> <span class='ocrx_word' id='word_1_95' title='bbox 682 1763 918 1818; x_wconf 86' lang='lat' dir='ltr'>prudentes</span> <span class='ocrx_word' id='word_1_96' title='bbox 951 1763 1045 1804; x_wconf 86' lang='lat'><strong>194.</strong></span> 
     </span>
    </p>

    <p class='ocr_par' dir='ltr' id='par_1_18' title="bbox 364 1821 1331 1935">
     <span class='ocr_line' id='line_1_24' title="bbox 364 1821 1331 1878; baseline -0.006 -13"><span class='ocrx_word' id='word_1_97' title='bbox 364 1823 560 1878; x_wconf 82' lang='lat' dir='ltr'>Spoliare</span> <span class='ocrx_word' id='word_1_98' title='bbox 595 1821 749 1863; x_wconf 89' lang='lat' dir='ltr'>volunt</span> <span class='ocrx_word' id='word_1_99' title='bbox 791 1821 946 1861; x_wconf 84' lang='lat' dir='ltr'>fratres</span> <span class='ocrx_word' id='word_1_100' title='bbox 982 1830 1221 1873; x_wconf 85' lang='lat' dir='ltr'>pauperem</span> <span class='ocrx_word' id='word_1_101' title='bbox 1257 1831 1331 1872; x_wconf 93' lang='lat' dir='ltr'>po-</span> 
     </span>
     <span class='ocr_line' id='line_1_25' title="bbox 423 1877 1214 1935; baseline -0.005 -14"><span class='ocrx_word' id='word_1_102' title='bbox 423 1881 576 1935; x_wconf 93' lang='lat' dir='ltr'>pulum</span> <span class='ocrx_word' id='word_1_103' title='bbox 604 1892 744 1933; x_wconf 90' lang='lat' dir='ltr'>usque</span> <span class='ocrx_word' id='word_1_104' title='bbox 774 1877 830 1919; x_wconf 90' lang='lat' dir='ltr'>ad</span> <span class='ocrx_word' id='word_1_105' title='bbox 860 1877 1088 1932; x_wconf 89' lang='lat' dir='ltr'>egenciam</span> <span class='ocrx_word' id='word_1_106' title='bbox 1119 1877 1214 1918; x_wconf 90' lang='lat'><strong>367.</strong></span> 
     </span>
    </p>

    <p class='ocr_par' dir='ltr' id='par_1_19' title="bbox 364 1933 1331 1991">
     <span class='ocr_line' id='line_1_26' title="bbox 364 1933 1331 1991; baseline -0.006 -12"><span class='ocrx_word' id='word_1_107' title='bbox 364 1938 500 1978; x_wconf 90' lang='lat' dir='ltr'>—liat</span> <span class='ocrx_word' id='word_1_108' title='bbox 561 1949 677 1991; x_wconf 87' lang='lat' dir='ltr'>papa</span> <span class='ocrx_word' id='word_1_109' title='bbox 736 1948 901 1990; x_wconf 89' lang='lat' dir='ltr'>egenus</span> <span class='ocrx_word' id='word_1_110' title='bbox 966 1947 1045 1988; x_wconf 89' lang='lat' dir='ltr'>per</span> <span class='ocrx_word' id='word_1_111' title='bbox 1102 1933 1331 1975; x_wconf 90' lang='lat' dir='ltr'>mendacia</span> 
     </span>
    </p>

    <p class='ocr_par' dir='ltr' id='par_1_20' title="bbox 366 2048 1332 2164">
     <span class='ocr_line' id='line_1_27' title="bbox 366 2048 1332 2103; baseline -0.005 -10"><span class='ocrx_word' id='word_1_112' title='bbox 366 2053 532 2093; x_wconf 89' lang='lat' dir='ltr'>-liant</span> <span class='ocrx_word' id='word_1_113' title='bbox 587 2051 742 2091; x_wconf 85' lang='lat' dir='ltr'>fratres</span> <span class='ocrx_word' id='word_1_114' title='bbox 798 2048 1068 2090; x_wconf 91' lang='lat' dir='ltr'>communius</span> <span class='ocrx_word' id='word_1_115' title='bbox 1116 2061 1332 2103; x_wconf 84' lang='lat' dir='ltr'>pauperes</span> 
     </span>
     <span class='ocr_line' id='line_1_28' title="bbox 425 2107 869 2164; baseline -0.007 -14"><span class='ocrx_word' id='word_1_116' title='bbox 425 2121 557 2164; x_wconf 91' lang='lat' dir='ltr'>quam</span> <span class='ocrx_word' id='word_1_117' title='bbox 586 2108 742 2149; x_wconf 83' lang='lat' dir='ltr'>divites</span> <span class='ocrx_word' id='word_1_118' title='bbox 772 2107 869 2148; x_wconf 90' lang='lat'><strong>254.</strong></span> 
     </span>
    </p>

    <p class='ocr_par' dir='ltr' id='par_1_21' title="bbox 369 2163 1331 2219">
     <span class='ocr_line' id='line_1_29' title="bbox 369 2163 1331 2219; baseline -0.004 -12"><span class='ocrx_word' id='word_1_119' title='bbox 369 2190 423 2196; x_wconf 94' lang='lat'>—</span> <span class='ocrx_word' id='word_1_120' title='bbox 455 2167 609 2207; x_wconf 91' lang='lat' dir='ltr'>fratres</span> <span class='ocrx_word' id='word_1_121' title='bbox 627 2164 884 2219; x_wconf 89' lang='lat' dir='ltr'>temporalia</span> <span class='ocrx_word' id='word_1_122' title='bbox 904 2176 931 2204; x_wconf 88' lang='lat' dir='ltr'>a</span> <span class='ocrx_word' id='word_1_123' title='bbox 950 2163 1048 2218; x_wconf 90' lang='lat' dir='ltr'>plus</span> <span class='ocrx_word' id='word_1_124' title='bbox 1066 2163 1331 2217; x_wconf 87' lang='lat' dir='ltr'>pauperibus</span> 
     </span>
    </p>

    <p class='ocr_par' dir='ltr' id='par_1_22' title="bbox 369 2277 1221 2333">
     <span class='ocr_line' id='line_1_30' title="bbox 369 2277 1221 2333; baseline -0.002 -12"><span class='ocrx_word' id='word_1_125' title='bbox 369 2304 422 2311; x_wconf 89' lang='lat'>--</span> <span class='ocrx_word' id='word_1_126' title='bbox 453 2279 663 2321; x_wconf 81' lang='lat' dir='ltr'>anticristi</span> <span class='ocrx_word' id='word_1_127' title='bbox 691 2278 891 2333; x_wconf 88' lang='lat' dir='ltr'>discipuli</span> <span class='ocrx_word' id='word_1_128' title='bbox 919 2277 1095 2319; x_wconf 86' lang='lat' dir='ltr'>stolidos</span> <span class='ocrx_word' id='word_1_129' title='bbox 1126 2278 1221 2319; x_wconf 92' lang='lat'><strong>149.</strong></span> 
     </span>
    </p>

    <p class='ocr_par' dir='ltr' id='par_1_23' title="bbox 369 2335 1190 2390">
     <span class='ocr_line' id='line_1_31' title="bbox 369 2335 1190 2390; baseline -0.004 -11"><span class='ocrx_word' id='word_1_130' title='bbox 369 2362 425 2368; x_wconf 97' lang='lat'><strong>—</strong></span> <span class='ocrx_word' id='word_1_131' title='bbox 456 2337 633 2390; x_wconf 84' lang='lat' dir='ltr'>dyaboli</span> <span class='ocrx_word' id='word_1_132' title='bbox 660 2336 856 2377; x_wconf 92' lang='lat' dir='ltr'>homines</span> <span class='ocrx_word' id='word_1_133' title='bbox 885 2348 912 2376; x_wconf 92' lang='lat' dir='ltr'>a</span> <span class='ocrx_word' id='word_1_134' title='bbox 940 2335 1064 2376; x_wconf 89' lang='lat' dir='ltr'>bonis</span> <span class='ocrx_word' id='word_1_135' title='bbox 1095 2335 1190 2377; x_wconf 87' lang='lat'><strong>150.</strong></span> 
     </span>
    </p>

    <p class='ocr_par' dir='ltr' id='par_1_24' title="bbox 370 2392 1333 2448">
     <span class='ocr_line' id='line_1_32' title="bbox 370 2392 1333 2448; baseline -0.002 -12"><span class='ocrx_word' id='word_1_136' title='bbox 370 2418 424 2425; x_wconf 93' lang='lat'>—</span> <span class='ocrx_word' id='word_1_137' title='bbox 455 2399 574 2436; x_wconf 91' lang='lat' dir='ltr'>secte</span> <span class='ocrx_word' id='word_1_138' title='bbox 602 2398 772 2448; x_wconf 91' lang='lat' dir='ltr'>partem</span> <span class='ocrx_word' id='word_1_139' title='bbox 802 2393 999 2434; x_wconf 88' lang='lat' dir='ltr'>alimenti</span> <span class='ocrx_word' id='word_1_140' title='bbox 1021 2392 1205 2434; x_wconf 83' lang='lat' dir='ltr'>ecclesie</span> <span class='ocrx_word' id='word_1_141' title='bbox 1238 2392 1333 2434; x_wconf 91' lang='lat'><strong>142.</strong></span> 
     </span>
    </p>

    <p class='ocr_par' dir='ltr' id='par_1_25' title="bbox 369 2450 1231 2506">
     <span class='ocr_line' id='line_1_33' title="bbox 369 2450 1231 2506; baseline -0.002 -13"><span class='ocrx_word' id='word_1_142' title='bbox 369 2476 423 2483; x_wconf 93' lang='lat'>—</span> <span class='ocrx_word' id='word_1_143' title='bbox 454 2451 654 2493; x_wconf 88' lang='lat' dir='ltr'>monachi</span> <span class='ocrx_word' id='word_1_144' title='bbox 684 2464 844 2506; x_wconf 88' lang='lat' dir='ltr'>egenos</span> <span class='ocrx_word' id='word_1_145' title='bbox 875 2454 1104 2491; x_wconf 82' lang='lat' dir='ltr'>extraneos</span> <span class='ocrx_word' id='word_1_146' title='bbox 1136 2450 1231 2491; x_wconf 88' lang='lat'><strong>135.</strong></span> 
     </span>
    </p>

    <p class='ocr_par' dir='ltr' id='par_1_26' title="bbox 370 2507 1244 2563">
     <span class='ocr_line' id='line_1_34' title="bbox 370 2507 1244 2563; baseline -0.003 -13"><span class='ocrx_word' id='word_1_147' title='bbox 370 2510 587 2550; x_wconf 86' lang='lat' dir='ltr'>—liantur</span> <span class='ocrx_word' id='word_1_148' title='bbox 615 2520 829 2563; x_wconf 88' lang='lat' dir='ltr'>pauperes</span> <span class='ocrx_word' id='word_1_149' title='bbox 859 2519 886 2548; x_wconf 90' lang='lat' dir='ltr'>a</span> <span class='ocrx_word' id='word_1_150' title='bbox 915 2507 1118 2548; x_wconf 87' lang='lat' dir='ltr'>fratribus</span> <span class='ocrx_word' id='word_1_151' title='bbox 1150 2507 1244 2548; x_wconf 89' lang='lat'><strong>190.</strong></span> 
     </span>
    </p>

    <p class='ocr_par' dir='ltr' id='par_1_27' title="bbox 369 2563 1335 2663">
     <span class='ocr_line' id='line_1_35' title="bbox 369 2563 1335 2663; baseline -0.004 -55"><span class='ocrx_word' id='word_1_152' title='bbox 369 2579 668 2663; x_wconf 49' lang='lat' dir='ltr'>-2piuperes</span> <span class='ocrx_word' id='word_1_153' title='bbox 696 2565 822 2620; x_wconf 89' lang='lat' dir='ltr'>regni</span> <span class='ocrx_word' id='word_1_154' title='bbox 840 2578 916 2619; x_wconf 94' lang='lat' dir='ltr'>pro</span> <span class='ocrx_word' id='word_1_155' title='bbox 937 2564 1190 2605; x_wconf 87' lang='lat' dir='ltr'>defensione</span> <span class='ocrx_word' id='word_1_156' title='bbox 1210 2563 1335 2619; x_wconf 84' lang='lat' dir='ltr'>regni</span> 
     </span>
    </p>

    <p class='ocr_par' dir='ltr' id='par_1_28' title="bbox 370 2678 1334 2778">
     <span class='ocr_line' id='line_1_36' title="bbox 370 2678 1334 2732; baseline -0.002 -11"><span class='ocrx_word' id='word_1_157' title='bbox 370 2680 563 2721; x_wconf 87' lang='lat' dir='ltr'>—liandi</span> <span class='ocrx_word' id='word_1_158' title='bbox 598 2692 731 2732; x_wconf 83' lang='lat' dir='ltr'>causa</span> <span class='ocrx_word' id='word_1_159' title='bbox 759 2679 922 2719; x_wconf 88' lang='lat' dir='ltr'>fratres</span> <span class='ocrx_word' id='word_1_160' title='bbox 955 2679 1002 2718; x_wconf 91' lang='lat' dir='ltr'>in</span> <span class='ocrx_word' id='word_1_161' title='bbox 1031 2678 1229 2720; x_wconf 90' lang='lat' dir='ltr'>domibus</span> <span class='ocrx_word' id='word_1_162' title='bbox 1258 2679 1334 2719; x_wconf 92' lang='lat' dir='ltr'>im-</span> 
     </span>
     <span class='ocr_line' id='line_1_37' title="bbox 427 2736 776 2778; baseline -0.006 0"><span class='ocrx_word' id='word_1_163' title='bbox 427 2741 651 2778; x_wconf 89' lang='lat' dir='ltr'>morantur</span> <span class='ocrx_word' id='word_1_164' title='bbox 680 2736 776 2777; x_wconf 90' lang='lat'><strong>370.</strong></span> 
     </span>
    </p>

    <p class='ocr_par' dir='ltr' id='par_1_29' title="bbox 370 2792 1336 2847">
     <span class='ocr_line' id='line_1_38' title="bbox 370 2792 1336 2847; baseline -0.003 -12"><span class='ocrx_word' id='word_1_165' title='bbox 370 2807 427 2836; x_wconf 92' lang='lat' dir='ltr'>ne</span> <span class='ocrx_word' id='word_1_166' title='bbox 475 2794 634 2834; x_wconf 91' lang='lat' dir='ltr'>—liato</span> <span class='ocrx_word' id='word_1_167' title='bbox 671 2793 852 2834; x_wconf 89' lang='lat' dir='ltr'>clericus</span> <span class='ocrx_word' id='word_1_168' title='bbox 889 2792 1004 2833; x_wconf 87' lang='lat' dir='ltr'>ultra</span> <span class='ocrx_word' id='word_1_169' title='bbox 1032 2793 1179 2847; x_wconf 87' lang='lat' dir='ltr'>legem</span> <span class='ocrx_word' id='word_1_170' title='bbox 1209 2792 1336 2834; x_wconf 84' lang='lat' dir='ltr'>Gristi</span> 
     </span>
    </p>

    <p class='ocr_par' dir='ltr' id='par_1_30' title="bbox 370 2907 1175 2963">
     <span class='ocr_line' id='line_1_39' title="bbox 370 2907 1175 2963; baseline -0.005 -13"><span class='ocrx_word' id='word_1_171' title='bbox 370 2909 636 2963; x_wconf 85' lang='lat' dir='ltr'>Spoliativus</span> <span class='ocrx_word' id='word_1_172' title='bbox 665 2919 907 2961; x_wconf 90' lang='lat' dir='ltr'>pauperum</span> <span class='ocrx_word' id='word_1_173' title='bbox 935 2918 1050 2961; x_wconf 90' lang='lat' dir='ltr'>papa</span> <span class='ocrx_word' id='word_1_174' title='bbox 1084 2907 1175 2947; x_wconf 92' lang='grc'><strong>127.</strong></span> 
     </span>
    </p>

    <p class='ocr_par' dir='ltr' id='par_1_31' title="bbox 370 2963 1335 3064">
     <span class='ocr_line' id='line_1_40' title="bbox 370 2963 1335 3020; baseline -0.003 -13"><span class='ocrx_word' id='word_1_175' title='bbox 370 2966 635 3020; x_wconf 86' lang='lat' dir='ltr'>Spoliatores</span> <span class='ocrx_word' id='word_1_176' title='bbox 654 2969 755 3005; x_wconf 91' lang='lat' dir='ltr'>sunt</span> <span class='ocrx_word' id='word_1_177' title='bbox 773 2964 927 3005; x_wconf 90' lang='lat' dir='ltr'>fratres</span> <span class='ocrx_word' id='word_1_178' title='bbox 946 2964 992 3004; x_wconf 90' lang='lat' dir='ltr'>in</span> <span class='ocrx_word' id='word_1_179' title='bbox 1011 2963 1156 3019; x_wconf 85' lang='lat' dir='ltr'>regnis</span> <span class='ocrx_word' id='word_1_180' title='bbox 1177 2964 1335 3005; x_wconf 86' lang='lat' dir='ltr'>exteris</span> 
     </span>
     <span class='ocr_line' id='line_1_41' title="bbox 432 3022 844 3064; baseline -0.002 0"><span class='ocrx_word' id='word_1_181' title='bbox 432 3028 476 3064; x_wconf 89' lang='lat' dir='ltr'>et</span> <span class='ocrx_word' id='word_1_182' title='bbox 504 3022 747 3063; x_wconf 88' lang='lat' dir='ltr'>intrinsecis</span> <span class='ocrx_word' id='word_1_183' title='bbox 777 3022 844 3063; x_wconf 89' lang='grc'><strong>71.</strong></span> 
     </span>
    </p>

    <p class='ocr_par' dir='ltr' id='par_1_32' title="bbox 370 3079 798 3134">
     <span class='ocr_line' id='line_1_42' title="bbox 370 3079 798 3134; baseline -0.002 -13"><span class='ocrx_word' id='word_1_184' title='bbox 370 3101 425 3111; x_wconf 90' lang='lat'><em>-</em></span> <span class='ocrx_word' id='word_1_185' title='bbox 458 3091 700 3134; x_wconf 92' lang='lat' dir='ltr'>pauperum</span> <span class='ocrx_word' id='word_1_186' title='bbox 731 3079 798 3120; x_wconf 90' lang='lat'>51.</span> 
     </span>
    </p>

    <p class='ocr_par' dir='ltr' id='par_1_33' title="bbox 371 3135 1131 3192">
     <span class='ocr_line' id='line_1_43' title="bbox 371 3135 1131 3192; baseline -0.004 -13"><span class='ocrx_word' id='word_1_187' title='bbox 371 3139 540 3192; x_wconf 84' lang='lat' dir='ltr'>Sponsa</span> <span class='ocrx_word' id='word_1_188' title='bbox 570 3136 697 3177; x_wconf 88' lang='lat' dir='ltr'>Cristi</span> <span class='ocrx_word' id='word_1_189' title='bbox 726 3135 910 3177; x_wconf 90' lang='lat' dir='ltr'>ecclesia</span> <span class='ocrx_word' id='word_1_190' title='bbox 940 3139 1005 3177; x_wconf 92' lang='lat' dir='ltr'>est</span> <span class='ocrx_word' id='word_1_191' title='bbox 1035 3136 1131 3177; x_wconf 87' lang='grc'><strong>658.</strong></span> 
     </span>
    </p>

    <p class='ocr_par' dir='ltr' id='par_1_34' title="bbox 366 3191 1339 3292">
     <span class='ocr_line' id='line_1_44' title="bbox 366 3191 1339 3249; baseline -0.005 -12"><span class='ocrx_word' id='word_1_192' title='bbox 366 3194 605 3249; x_wconf 78' lang='lat' dir='ltr'>&#39;Sponsacio</span> <span class='ocrx_word' id='word_1_193' title='bbox 627 3222 632 3225; x_wconf 83' lang='grc'>-</span> <span class='ocrx_word' id='word_1_194' title='bbox 651 3197 802 3234; x_wconf 87' lang='lat' dir='ltr'>eterna</span> <span class='ocrx_word' id='word_1_195' title='bbox 844 3193 958 3234; x_wconf 91' lang='lat' dir='ltr'>intra</span> <span class='ocrx_word' id='word_1_196' title='bbox 996 3205 1042 3234; x_wconf 88' lang='lat' dir='ltr'>se</span> <span class='ocrx_word' id='word_1_197' title='bbox 1082 3197 1148 3234; x_wconf 87' lang='lat' dir='ltr'>est</span> <span class='ocrx_word' id='word_1_198' title='bbox 1187 3191 1339 3233; x_wconf 89' lang='lat' dir='ltr'>divina</span> 
     </span>
     <span class='ocr_line' id='line_1_45' title="bbox 432 3251 716 3292; baseline 0 0"><span class='ocrx_word' id='word_1_199' title='bbox 432 3256 590 3292; x_wconf 82' lang='lat' dir='ltr'>natura</span> <span class='ocrx_word' id='word_1_200' title='bbox 621 3251 716 3292; x_wconf 89' lang='lat'><strong>163.</strong></span> 
     </span>
    </p>

    <p class='ocr_par' dir='ltr' id='par_1_35' title="bbox 371 3306 1333 3363">
     <span class='ocr_line' id='line_1_46' title="bbox 371 3306 1333 3363; baseline -0.002 -13"><span class='ocrx_word' id='word_1_201' title='bbox 371 3308 600 3363; x_wconf 87' lang='lat' dir='ltr'>Sponsalia</span> <span class='ocrx_word' id='word_1_202' title='bbox 635 3311 791 3348; x_wconf 90' lang='lat' dir='ltr'>nature</span> <span class='ocrx_word' id='word_1_203' title='bbox 821 3306 967 3348; x_wconf 85' lang='lat' dir='ltr'>divine</span> <span class='ocrx_word' id='word_1_204' title='bbox 995 3310 1208 3361; x_wconf 85' lang='lat' dir='ltr'>perpetua</span> <span class='ocrx_word' id='word_1_205' title='bbox 1238 3307 1333 3349; x_wconf 91' lang='lat'><strong>163.</strong></span> 
     </span>
    </p>

    <p class='ocr_par' dir='ltr' id='par_1_36' title="bbox 373 3363 1068 3420">
     <span class='ocr_line' id='line_1_47' title="bbox 373 3363 1068 3420; baseline -0.001 -14"><span class='ocrx_word' id='word_1_206' title='bbox 373 3366 565 3420; x_wconf 84' lang='lat' dir='ltr'>Sponsus</span> <span class='ocrx_word' id='word_1_207' title='bbox 595 3364 778 3405; x_wconf 87' lang='lat' dir='ltr'>ecclesie</span> <span class='ocrx_word' id='word_1_208' title='bbox 809 3363 971 3405; x_wconf 87' lang='lat' dir='ltr'>Gristus</span> <span class='ocrx_word' id='word_1_209' title='bbox 1002 3365 1068 3405; x_wconf 88' lang='grc'><strong>32.</strong></span> 
     </span>
    </p>

    <p class='ocr_par' dir='ltr' id='par_1_37' title="bbox 373 3421 1335 3534">
     <span class='ocr_line' id='line_1_48' title="bbox 373 3421 1335 3477; baseline -0.003 -13"><span class='ocrx_word' id='word_1_210' title='bbox 373 3423 529 3477; x_wconf 87' lang='lat' dir='ltr'>Spuria</span> <span class='ocrx_word' id='word_1_211' title='bbox 547 3421 806 3463; x_wconf 85' lang='lat' dir='ltr'>vitulamina</span> <span class='ocrx_word' id='word_1_212' title='bbox 831 3421 877 3462; x_wconf 91' lang='lat' dir='ltr'>in</span> <span class='ocrx_word' id='word_1_213' title='bbox 897 3421 1080 3463; x_wconf 89' lang='lat' dir='ltr'>ecclesia</span> <span class='ocrx_word' id='word_1_214' title='bbox 1098 3433 1176 3475; x_wconf 92' lang='lat' dir='ltr'>per</span> <span class='ocrx_word' id='word_1_215' title='bbox 1195 3424 1335 3462; x_wconf 86' lang='lat' dir='ltr'>sectas</span> 
     </span>
     <span class='ocr_line' id='line_1_49' title="bbox 432 3479 776 3534; baseline 0 -14"><span class='ocrx_word' id='word_1_216' title='bbox 432 3479 679 3534; x_wconf 87' lang='lat' dir='ltr'>germinant</span> <span class='ocrx_word' id='word_1_217' title='bbox 707 3479 776 3520; x_wconf 84' lang='lat'>44.</span> 
     </span>
    </p>

    <p class='ocr_par' dir='ltr' id='par_1_38' title="bbox 373 3535 842 3577">
     <span class='ocr_line' id='line_1_50' title="bbox 373 3535 842 3577; baseline 0 0"><span class='ocrx_word' id='word_1_218' title='bbox 373 3559 427 3567; x_wconf 93' lang='lat'>—</span> <span class='ocrx_word' id='word_1_219' title='bbox 458 3535 713 3577; x_wconf 87' lang='lat' dir='ltr'>vitulamina</span> <span class='ocrx_word' id='word_1_220' title='bbox 749 3536 842 3577; x_wconf 92' lang='grc'><strong>101.</strong></span> 
     </span>
    </p>
   </div>
   <div class='ocr_carea' id='block_1_3' title="bbox 1087 420 1630 462">
    <p class='ocr_par' dir='ltr' id='par_1_39' title="bbox 1087 420 1630 462">
     <span class='ocr_line' id='line_1_51' title="bbox 1087 420 1630 462; baseline -0.006 0"><span class='ocrx_word' id='word_1_221' title='bbox 1087 420 1383 462; x_wconf 71' lang='lat' dir='ltr'><strong><em>GENERAL</em></strong></span> <span class='ocrx_word' id='word_1_222' title='bbox 1416 420 1630 460; x_wconf 84' lang='lat' dir='ltr'><strong>INDEX.</strong></span> 
     </span>
    </p>
   </div>
   <div class='ocr_carea' id='block_1_4' title="bbox 1413 560 1909 602">
    <p class='ocr_par' dir='ltr' id='par_1_40' title="bbox 1413 560 1909 602">
     <span class='ocr_line' id='line_1_52' title="bbox 1413 560 1909 602; baseline -0.004 0"><span class='ocrx_word' id='word_1_223' title='bbox 1413 560 1613 602; x_wconf 86' lang='lat' dir='ltr'>Stabilire</span> <span class='ocrx_word' id='word_1_224' title='bbox 1644 565 1784 602; x_wconf 86' lang='lat' dir='ltr'>sectas</span> <span class='ocrx_word' id='word_1_225' title='bbox 1816 561 1909 601; x_wconf 88' lang='lat'><strong>144.</strong></span> 
     </span>
    </p>
   </div>
   <div class='ocr_carea' id='block_1_5' title="bbox 1413 611 2422 739">
    <p class='ocr_par' dir='ltr' id='par_1_41' title="bbox 1413 611 2423 739">
     <span class='ocr_line' id='line_1_53' title="bbox 1413 611 2422 672; baseline 0.001 -13"><span class='ocrx_word' id='word_1_226' title='bbox 1413 625 1466 647; x_wconf 78' lang='lat'>&#39;—-</span> <span class='ocrx_word' id='word_1_227' title='bbox 1498 618 1861 672; x_wconf 87' lang='lat' dir='ltr'>approbacionem</span> <span class='ocrx_word' id='word_1_228' title='bbox 1890 618 2091 659; x_wconf 87' lang='lat' dir='ltr'>nesciunt</span> <span class='ocrx_word' id='word_1_229' title='bbox 2119 621 2238 660; x_wconf 89' lang='lat' dir='ltr'>secte</span> <span class='ocrx_word' id='word_1_230' title='bbox 2268 618 2335 660; x_wconf 90' lang='lat'>61.</span> <span class='ocrx_word' id='word_1_231' title='bbox 2407 611 2422 615; x_wconf 44' lang='lat'><em>⁴</em></span> 
     </span>
     <span class='ocr_line' id='line_1_54' title="bbox 1413 674 2374 739; baseline 0.001 -23"><span class='ocrx_word' id='word_1_232' title='bbox 1413 675 1537 722; x_wconf 77' lang='lat' dir='ltr'>—liri</span> <span class='ocrx_word' id='word_1_233' title='bbox 1567 675 1697 717; x_wconf 89' lang='lat' dir='ltr'>debet</span> <span class='ocrx_word' id='word_1_234' title='bbox 1725 687 1825 729; x_wconf 89' lang='lat' dir='ltr'>pars</span> <span class='ocrx_word' id='word_1_235' title='bbox 1844 675 1979 716; x_wconf 89' lang='lat' dir='ltr'>tercia</span> <span class='ocrx_word' id='word_1_236' title='bbox 1999 674 2182 739; x_wconf 83' lang='lat' dir='ltr'>ecclesie</span> <span class='ocrx_word' id='word_1_237' title='bbox 2202 687 2229 717; x_wconf 86' lang='lat' dir='ltr'>a</span> <span class='ocrx_word' id='word_1_238' title='bbox 2248 688 2374 732; x_wconf 87' lang='lat' dir='ltr'>supe-</span> 
     </span>
    </p>
   </div>
   <div class='ocr_carea' id='block_1_6' title="bbox 1414 732 2375 1013">
    <p class='ocr_par' dir='ltr' id='par_1_42' title="bbox 1470 732 2002 786">
     <span class='ocr_line' id='line_1_55' title="bbox 1470 732 2002 786; baseline 0.002 -13"><span class='ocrx_word' id='word_1_239' title='bbox 1470 733 1651 773; x_wconf 90' lang='lat' dir='ltr'>rioribus</span> <span class='ocrx_word' id='word_1_240' title='bbox 1680 732 1875 786; x_wconf 89' lang='lat' dir='ltr'>partibus</span> <span class='ocrx_word' id='word_1_241' title='bbox 1906 733 2002 774; x_wconf 89' lang='grc'><strong>242.</strong></span> 
     </span>
    </p>

    <p class='ocr_par' dir='ltr' id='par_1_43' title="bbox 1414 789 2100 844">
     <span class='ocr_line' id='line_1_56' title="bbox 1414 789 2100 844; baseline 0.003 -15"><span class='ocrx_word' id='word_1_242' title='bbox 1414 789 1535 830; x_wconf 87' lang='lat' dir='ltr'>—liti</span> <span class='ocrx_word' id='word_1_243' title='bbox 1563 802 1642 844; x_wconf 89' lang='lat' dir='ltr'>per</span> <span class='ocrx_word' id='word_1_244' title='bbox 1672 789 1802 830; x_wconf 92' lang='lat' dir='ltr'>deum</span> <span class='ocrx_word' id='word_1_245' title='bbox 1832 789 2002 831; x_wconf 87' lang='lat' dir='ltr'>ordines</span> <span class='ocrx_word' id='word_1_246' title='bbox 2032 790 2100 832; x_wconf 89' lang='grc'><strong>98.</strong></span> 
     </span>
    </p>

    <p class='ocr_par' dir='ltr' id='par_1_44' title="bbox 1415 846 2375 954">
     <span class='ocr_line' id='line_1_57' title="bbox 1415 846 2375 889; baseline 0.002 -3"><span class='ocrx_word' id='word_1_247' title='bbox 1415 846 1544 887; x_wconf 85' lang='lat' dir='ltr'>—lite</span> <span class='ocrx_word' id='word_1_248' title='bbox 1604 858 1659 887; x_wconf 87' lang='lat' dir='ltr'>ex</span> <span class='ocrx_word' id='word_1_249' title='bbox 1725 847 1981 888; x_wconf 88' lang='lat' dir='ltr'>auctoritate</span> <span class='ocrx_word' id='word_1_250' title='bbox 2040 846 2204 889; x_wconf 89' lang='lat' dir='ltr'>domini</span> <span class='ocrx_word' id='word_1_251' title='bbox 2259 851 2375 889; x_wconf 87' lang='lat' dir='ltr'>secte</span> 
     </span>
     <span class='ocr_line' id='line_1_58' title="bbox 1470 903 1841 954; baseline 0.008 -11"><span class='ocrx_word' id='word_1_252' title='bbox 1470 915 1584 944; x_wconf 89' lang='lat' dir='ltr'>nove</span> <span class='ocrx_word' id='word_1_253' title='bbox 1615 903 1686 946; x_wconf 91' lang='lat'>89.</span> <span class='ocrx_word' id='word_1_254' title='bbox 1838 951 1841 954; x_wconf 44' lang='grc'>,</span> 
     </span>
    </p>

    <p class='ocr_par' dir='ltr' id='par_1_45' title="bbox 1414 959 2231 1013">
     <span class='ocr_line' id='line_1_59' title="bbox 1414 959 2231 1013; baseline 0.004 -13"><span class='ocrx_word' id='word_1_255' title='bbox 1414 959 1538 1000; x_wconf 83' lang='lat' dir='ltr'>Stare</span> <span class='ocrx_word' id='word_1_256' title='bbox 1569 973 1646 1013; x_wconf 89' lang='lat' dir='ltr'>pro</span> <span class='ocrx_word' id='word_1_257' title='bbox 1675 960 1861 1001; x_wconf 87' lang='lat' dir='ltr'>veritate</span> <span class='ocrx_word' id='word_1_258' title='bbox 1891 961 2105 1003; x_wconf 89' lang='lat' dir='ltr'>catholica</span> <span class='ocrx_word' id='word_1_259' title='bbox 2133 961 2231 1003; x_wconf 91' lang='grc'><strong>214.</strong></span> 
     </span>
    </p>
   </div>
   <div class='ocr_carea' id='block_1_7' title="bbox 1414 1016 2423 1060">
    <p class='ocr_par' dir='ltr' id='par_1_46' title="bbox 1414 1016 2423 1060">
     <span class='ocr_line' id='line_1_60' title="bbox 1414 1016 2423 1060; baseline 0.003 -3"><span class='ocrx_word' id='word_1_260' title='bbox 1414 1016 1624 1057; x_wconf 86' lang='lat' dir='ltr'>Statuicio</span> <span class='ocrx_word' id='word_1_261' title='bbox 1654 1016 1846 1058; x_wconf 87' lang='lat' dir='ltr'>humana</span> <span class='ocrx_word' id='word_1_262' title='bbox 1876 1022 1941 1059; x_wconf 85' lang='lat' dir='ltr'>est</span> <span class='ocrx_word' id='word_1_263' title='bbox 1963 1018 2213 1060; x_wconf 86' lang='lat' dir='ltr'>essencialis</span> <span class='ocrx_word' id='word_1_264' title='bbox 2233 1017 2377 1060; x_wconf 90' lang='lat' dir='ltr'>condi·</span> <span class='ocrx_word' id='word_1_265' title='bbox 2420 1024 2423 1026; x_wconf 84' lang='lat'>&#39;</span> 
     </span>
    </p>
   </div>
   <div class='ocr_carea' id='block_1_8' title="bbox 1470 1073 2073 1117">
    <p class='ocr_par' dir='ltr' id='par_1_47' title="bbox 1470 1073 2073 1117">
     <span class='ocr_line' id='line_1_61' title="bbox 1470 1073 2073 1117; baseline 0.005 -3"><span class='ocrx_word' id='word_1_266' title='bbox 1470 1074 1536 1114; x_wconf 89' lang='lat' dir='ltr'>cio</span> <span class='ocrx_word' id='word_1_267' title='bbox 1566 1073 1947 1115; x_wconf 86' lang='lat' dir='ltr'>observanciarum</span> <span class='ocrx_word' id='word_1_268' title='bbox 1975 1076 2073 1117; x_wconf 89' lang='lat'><strong>497.</strong></span> 
     </span>
    </p>
   </div>
   <div class='ocr_carea' id='block_1_9' title="bbox 1415 1131 2426 1174">
    <p class='ocr_par' dir='ltr' id='par_1_48' title="bbox 1415 1130 2446 1174">
     <span class='ocr_line' id='line_1_62' title="bbox 1415 1131 2426 1174; baseline 0.005 -4"><span class='ocrx_word' id='word_1_269' title='bbox 1415 1153 1466 1161; x_wconf 90' lang='lat'>-—-</span> <span class='ocrx_word' id='word_1_270' title='bbox 1498 1131 1690 1171; x_wconf 89' lang='lat' dir='ltr'>humana</span> <span class='ocrx_word' id='word_1_271' title='bbox 1726 1131 2104 1173; x_wconf 87' lang='lat' dir='ltr'>observanciarum</span> <span class='ocrx_word' id='word_1_272' title='bbox 2139 1132 2379 1174; x_wconf 88' lang='lat' dir='ltr'>secundum</span> <span class='ocrx_word' id='word_1_273' title='bbox 2423 1156 2426 1158; x_wconf 88' lang='grc'>-</span> 
     </span>
    </p>
   </div>
   <div class='ocr_carea' id='block_1_10' title="bbox 1471 1187 2150 1242">
    <p class='ocr_par' dir='ltr' id='par_1_49' title="bbox 1471 1187 2150 1242">
     <span class='ocr_line' id='line_1_63' title="bbox 1471 1187 2150 1242; baseline 0.004 -14"><span class='ocrx_word' id='word_1_274' title='bbox 1471 1187 1576 1242; x_wconf 85' lang='lat' dir='ltr'>quid</span> <span class='ocrx_word' id='word_1_275' title='bbox 1604 1200 1787 1229; x_wconf 89' lang='lat' dir='ltr'>erronea</span> <span class='ocrx_word' id='word_1_276' title='bbox 1815 1192 1882 1229; x_wconf 89' lang='lat' dir='ltr'>est</span> <span class='ocrx_word' id='word_1_277' title='bbox 1909 1189 2150 1231; x_wconf 86' lang='lat'><strong>496—497.</strong></span> 
     </span>
    </p>
   </div>
   <div class='ocr_carea' id='block_1_11' title="bbox 1414 1244 2449 1300">
    <p class='ocr_par' dir='ltr' id='par_1_50' title="bbox 1414 1244 2449 1300">
     <span class='ocr_line' id='line_1_64' title="bbox 1414 1244 2449 1300; baseline 0.004 -14"><span class='ocrx_word' id='word_1_278' title='bbox 1414 1245 1561 1286; x_wconf 84' lang='lat' dir='ltr'>Status</span> <span class='ocrx_word' id='word_1_279' title='bbox 1581 1249 1626 1286; x_wconf 91' lang='lat' dir='ltr'>et</span> <span class='ocrx_word' id='word_1_280' title='bbox 1645 1244 1836 1286; x_wconf 86' lang='lat' dir='ltr'>officium</span> <span class='ocrx_word' id='word_1_281' title='bbox 1861 1258 1975 1299; x_wconf 87' lang='lat' dir='ltr'>pape</span> <span class='ocrx_word' id='word_1_282' title='bbox 1996 1246 2262 1300; x_wconf 83' lang='lat' dir='ltr'>superfluum</span> <span class='ocrx_word' id='word_1_283' title='bbox 2281 1247 2378 1290; x_wconf 87' lang='lat'><strong>692.</strong></span> <span class='ocrx_word' id='word_1_284' title='bbox 2448 1260 2449 1263; x_wconf 72' lang='grc'>’</span> 
     </span>
    </p>
   </div>
   <div class='ocr_carea' id='block_1_12' title="bbox 1416 1302 2380 1414">
    <p class='ocr_par' dir='ltr' id='par_1_51' title="bbox 1416 1302 2380 1414">
     <span class='ocr_line' id='line_1_65' title="bbox 1416 1302 2380 1356; baseline 0.004 -14"><span class='ocrx_word' id='word_1_285' title='bbox 1416 1326 1468 1332; x_wconf 90' lang='grc'><strong>-</strong></span> <span class='ocrx_word' id='word_1_286' title='bbox 1498 1302 1693 1356; x_wconf 88' lang='lat' dir='ltr'>privatus</span> <span class='ocrx_word' id='word_1_287' title='bbox 1722 1302 1965 1344; x_wconf 87' lang='lat' dir='ltr'>claustralis</span> <span class='ocrx_word' id='word_1_288' title='bbox 2002 1308 2068 1344; x_wconf 86' lang='lat' dir='ltr'>est</span> <span class='ocrx_word' id='word_1_289' title='bbox 2095 1306 2232 1346; x_wconf 82' lang='lat' dir='ltr'>status</span> <span class='ocrx_word' id='word_1_290' title='bbox 2259 1317 2380 1346; x_wconf 88' lang='lat' dir='ltr'>secu-</span> 
     </span>
     <span class='ocr_line' id='line_1_66' title="bbox 1471 1360 2094 1414; baseline 0.003 -14"><span class='ocrx_word' id='word_1_291' title='bbox 1471 1360 1663 1400; x_wconf 86' lang='lat' dir='ltr'>rissimus</span> <span class='ocrx_word' id='word_1_292' title='bbox 1692 1373 1769 1414; x_wconf 90' lang='lat' dir='ltr'>pro</span> <span class='ocrx_word' id='word_1_293' title='bbox 1800 1360 1966 1402; x_wconf 89' lang='lat' dir='ltr'>viatore</span> <span class='ocrx_word' id='word_1_294' title='bbox 1997 1360 2094 1402; x_wconf 88' lang='lat'><strong>501.</strong></span> 
     </span>
    </p>
   </div>
   <div class='ocr_carea' id='block_1_13' title="bbox 1418 1416 2443 1472">
    <p class='ocr_par' dir='ltr' id='par_1_52' title="bbox 1418 1416 2443 1472">
     <span class='ocr_line' id='line_1_67' title="bbox 1418 1416 2443 1472; baseline 0.006 -16"><span class='ocrx_word' id='word_1_295' title='bbox 1418 1441 1471 1447; x_wconf 96' lang='lat'>—</span> <span class='ocrx_word' id='word_1_296' title='bbox 1502 1416 1679 1470; x_wconf 84' lang='lat' dir='ltr'>dyaboli</span> <span class='ocrx_word' id='word_1_297' title='bbox 1713 1417 1860 1459; x_wconf 91' lang='lat' dir='ltr'>utilior</span> <span class='ocrx_word' id='word_1_298' title='bbox 1894 1430 2026 1472; x_wconf 87' lang='lat' dir='ltr'>quam</span> <span class='ocrx_word' id='word_1_299' title='bbox 2059 1421 2196 1459; x_wconf 86' lang='lat' dir='ltr'>status</span> <span class='ocrx_word' id='word_1_300' title='bbox 2232 1418 2381 1461; x_wconf 80' lang='lat' dir='ltr'>beato-</span> <span class='ocrx_word' id='word_1_301' title='bbox 2440 1438 2443 1439; x_wconf 45' lang='lat'><em>⁷</em></span> 
     </span>
    </p>
   </div>
   <div class='ocr_carea' id='block_1_14' title="bbox 1472 1475 1694 1515">
    <p class='ocr_par' dir='ltr' id='par_1_53' title="bbox 1472 1475 1694 1515">
     <span class='ocr_line' id='line_1_68' title="bbox 1472 1475 1694 1515; baseline 0.005 -1"><span class='ocrx_word' id='word_1_302' title='bbox 1472 1488 1568 1515; x_wconf 92' lang='lat' dir='ltr'>rum</span> <span class='ocrx_word' id='word_1_303' title='bbox 1597 1475 1694 1515; x_wconf 86' lang='lat'><strong>451.</strong></span> 
     </span>
    </p>
   </div>
   <div class='ocr_carea' id='block_1_15' title="bbox 1419 1501 2489 1575">
    <p class='ocr_par' dir='ltr' id='par_1_54' title="bbox 1419 1501 2489 1575">
     <span class='ocr_line' id='line_1_69' title="bbox 1419 1501 2489 1575; baseline 0.004 -4"><span class='ocrx_word' id='word_1_304' title='bbox 1419 1555 1471 1561; x_wconf 84' lang='lat'><em>-</em></span> <span class='ocrx_word' id='word_1_305' title='bbox 1488 1507 2380 1575; x_wconf 75' lang='lat' dir='ltr'>militarislaudabfliorstatuordinum457.</span> <span class='ocrx_word' id='word_1_306' title='bbox 2442 1542 2445 1548; x_wconf 54' lang='lat'><strong>⁴</strong></span> <span class='ocrx_word' id='word_1_307' title='bbox 2483 1501 2489 1566; x_wconf 73' lang='lat'><strong>&#39;.</strong></span> 
     </span>
    </p>
   </div>
   <div class='ocr_carea' id='block_1_16' title="bbox 1420 1587 2490 1645">
    <p class='ocr_par' dir='ltr' id='par_1_55' title="bbox 1420 1587 2490 1645">
     <span class='ocr_line' id='line_1_70' title="bbox 1420 1587 2490 1645; baseline 0.004 -17"><span class='ocrx_word' id='word_1_308' title='bbox 1420 1612 1473 1619; x_wconf 89' lang='lat'>—-</span> <span class='ocrx_word' id='word_1_309' title='bbox 1504 1589 1687 1642; x_wconf 88' lang='lat' dir='ltr'>quilibet</span> <span class='ocrx_word' id='word_1_310' title='bbox 1715 1588 1896 1630; x_wconf 86' lang='lat' dir='ltr'>fratrum</span> <span class='ocrx_word' id='word_1_311' title='bbox 1924 1589 2005 1631; x_wconf 89' lang='lat' dir='ltr'>sub</span> <span class='ocrx_word' id='word_1_312' title='bbox 2034 1602 2124 1631; x_wconf 90' lang='lat' dir='ltr'>non</span> <span class='ocrx_word' id='word_1_313' title='bbox 2152 1589 2292 1645; x_wconf 82' lang='lat' dir='ltr'>gradu</span> <span class='ocrx_word' id='word_1_314' title='bbox 2318 1595 2384 1632; x_wconf 89' lang='lat' dir='ltr'>est</span> <span class='ocrx_word' id='word_1_315' title='bbox 2433 1618 2435 1620; x_wconf 91' lang='lat'><em>-</em></span> <span class='ocrx_word' id='word_1_316' title='bbox 2487 1587 2490 1600; x_wconf 74' lang='lat'>²</span> 
     </span>
    </p>
   </div>
   <div class='ocr_carea' id='block_1_17' title="bbox 1474 1647 1571 1687">
    <p class='ocr_par' dir='ltr' id='par_1_56' title="bbox 1474 1647 1571 1687">
     <span class='ocr_line' id='line_1_71' title="bbox 1474 1647 1571 1687; baseline 0.01 -1"><span class='ocrx_word' id='word_1_317' title='bbox 1474 1647 1571 1687; x_wconf 90' lang='grc'><strong>451.</strong></span> 
     </span>
    </p>
   </div>
   <div class='ocr_carea' id='block_1_18' title="bbox 1419 1702 2420 1760">
    <p class='ocr_par' dir='ltr' id='par_1_57' title="bbox 1419 1702 2420 1760">
     <span class='ocr_line' id='line_1_72' title="bbox 1419 1702 2420 1760; baseline 0.004 -17"><span class='ocrx_word' id='word_1_318' title='bbox 1419 1726 1472 1734; x_wconf 93' lang='lat'>--</span> <span class='ocrx_word' id='word_1_319' title='bbox 1504 1702 1764 1757; x_wconf 89' lang='lat' dir='ltr'>apostolicus</span> <span class='ocrx_word' id='word_1_320' title='bbox 1800 1702 2000 1745; x_wconf 87' lang='lat' dir='ltr'>ordinum</span> <span class='ocrx_word' id='word_1_321' title='bbox 2036 1703 2266 1760; x_wconf 84' lang='lat' dir='ltr'>privilegio</span> <span class='ocrx_word' id='word_1_322' title='bbox 2295 1717 2384 1746; x_wconf 89' lang='lat' dir='ltr'>non</span> <span class='ocrx_word' id='word_1_323' title='bbox 2417 1725 2420 1729; x_wconf 93' lang='lat'>·</span> 
     </span>
    </p>
   </div>
   <div class='ocr_carea' id='block_1_19' title="bbox 1474 1760 2071 1815">
    <p class='ocr_par' dir='ltr' id='par_1_58' title="bbox 1474 1760 2071 1815">
     <span class='ocr_line' id='line_1_73' title="bbox 1474 1760 2071 1815; baseline 0.003 -14"><span class='ocrx_word' id='word_1_324' title='bbox 1474 1760 1705 1815; x_wconf 85' lang='lat' dir='ltr'>insignitus</span> <span class='ocrx_word' id='word_1_325' title='bbox 1735 1765 1800 1801; x_wconf 89' lang='lat' dir='ltr'>est</span> <span class='ocrx_word' id='word_1_326' title='bbox 1828 1762 2071 1804; x_wconf 85' lang='lat'><strong>462—463.</strong></span> 
     </span>
    </p>
   </div>
   <div class='ocr_carea' id='block_1_20' title="bbox 1419 1799 2434 1932">
    <p class='ocr_par' dir='ltr' id='par_1_59' title="bbox 1419 1799 2434 1932">
     <span class='ocr_line' id='line_1_74' title="bbox 1419 1799 2434 1874; baseline 0.004 -16"><span class='ocrx_word' id='word_1_327' title='bbox 1419 1839 1473 1848; x_wconf 85' lang='lat'>-·</span> <span class='ocrx_word' id='word_1_328' title='bbox 1502 1818 1684 1859; x_wconf 88' lang='lat' dir='ltr'>fratrum</span> <span class='ocrx_word' id='word_1_329' title='bbox 1713 1818 1866 1859; x_wconf 88' lang='lat' dir='ltr'>melior</span> <span class='ocrx_word' id='word_1_330' title='bbox 1893 1823 2010 1861; x_wconf 85' lang='lat' dir='ltr'>statu</span> <span class='ocrx_word' id='word_1_331' title='bbox 2037 1818 2228 1874; x_wconf 79' lang='lat' dir='ltr'>episcopi</span> <span class='ocrx_word' id='word_1_332' title='bbox 2256 1819 2366 1862; x_wconf 69' lang='lat'><strong>449.</strong></span> <span class='ocrx_word' id='word_1_333' title='bbox 2432 1799 2434 1802; x_wconf 16' lang='lat' dir='ltr'>V</span> 
     </span>
     <span class='ocr_line' id='line_1_75' title="bbox 1420 1875 2385 1932; baseline 0.003 -17"><span class='ocrx_word' id='word_1_334' title='bbox 1420 1898 1474 1905; x_wconf 90' lang='lat'><em>-</em></span> <span class='ocrx_word' id='word_1_335' title='bbox 1510 1875 1701 1929; x_wconf 89' lang='lat' dir='ltr'>prelacie</span> <span class='ocrx_word' id='word_1_336' title='bbox 1745 1880 1812 1916; x_wconf 90' lang='lat' dir='ltr'>est</span> <span class='ocrx_word' id='word_1_337' title='bbox 1853 1876 2133 1930; x_wconf 86' lang='lat' dir='ltr'>periculosior</span> <span class='ocrx_word' id='word_1_338' title='bbox 2173 1876 2385 1932; x_wconf 82' lang='lat' dir='ltr'>religione</span> 
     </span>
    </p>
   </div>
   <div class='ocr_carea' id='block_1_21' title="bbox 1420 1933 2386 2046">
    <p class='ocr_par' dir='ltr' id='par_1_60' title="bbox 1420 1933 2386 2046">
     <span class='ocr_line' id='line_1_76' title="bbox 1475 1933 1993 1987; baseline 0.006 -14"><span class='ocrx_word' id='word_1_339' title='bbox 1475 1933 1646 1987; x_wconf 84' lang='lat' dir='ltr'>privata</span> <span class='ocrx_word' id='word_1_340' title='bbox 1677 1933 1774 1975; x_wconf 86' lang='lat'><strong>504.</strong></span> <span class='ocrx_word' id='word_1_341' title='bbox 1990 1980 1993 1981; x_wconf 16' lang='lat'><em>⁷</em></span> 
     </span>
     <span class='ocr_line' id='line_1_77' title="bbox 1420 1989 2386 2046; baseline 0.003 -16"><span class='ocrx_word' id='word_1_342' title='bbox 1420 2013 1473 2020; x_wconf 92' lang='lat'>-</span> <span class='ocrx_word' id='word_1_343' title='bbox 1511 1989 1762 2031; x_wconf 88' lang='lat' dir='ltr'>monasterii</span> <span class='ocrx_word' id='word_1_344' title='bbox 1805 1990 1989 2032; x_wconf 88' lang='lat' dir='ltr'>sumitur</span> <span class='ocrx_word' id='word_1_345' title='bbox 2028 2004 2108 2046; x_wconf 90' lang='lat' dir='ltr'>pro</span> <span class='ocrx_word' id='word_1_346' title='bbox 2146 1995 2386 2046; x_wconf 82' lang='lat' dir='ltr'>aggregato</span> 
     </span>
    </p>
   </div>
   <div class='ocr_carea' id='block_1_22' title="bbox 1421 2048 2436 2159">
    <p class='ocr_par' dir='ltr' id='par_1_61' title="bbox 1421 2048 2436 2159">
     <span class='ocr_line' id='line_1_78' title="bbox 1479 2048 2436 2091; baseline 0.002 -2"><span class='ocrx_word' id='word_1_347' title='bbox 1479 2060 1534 2089; x_wconf 80' lang='lat' dir='ltr'>ex</span> <span class='ocrx_word' id='word_1_348' title='bbox 1563 2051 1679 2088; x_wconf 90' lang='lat' dir='ltr'>statu</span> <span class='ocrx_word' id='word_1_349' title='bbox 1707 2048 1899 2089; x_wconf 88' lang='lat' dir='ltr'>virtuose</span> <span class='ocrx_word' id='word_1_350' title='bbox 1919 2048 2266 2090; x_wconf 72' lang='lat' dir='ltr'>conversacionis</span> <span class='ocrx_word' id='word_1_351' title='bbox 2287 2049 2384 2091; x_wconf 89' lang='lat'><strong>504.</strong></span> <span class='ocrx_word' id='word_1_352' title='bbox 2430 2055 2436 2086; x_wconf 74' lang='lat' dir='ltr'>f</span> 
     </span>
     <span class='ocr_line' id='line_1_79' title="bbox 1421 2104 2436 2159; baseline 0.003 -14"><span class='ocrx_word' id='word_1_353' title='bbox 1421 2128 1474 2134; x_wconf 92' lang='lat'>-—-</span> <span class='ocrx_word' id='word_1_354' title='bbox 1504 2104 1694 2159; x_wconf 91' lang='lat' dir='ltr'>prelacie</span> <span class='ocrx_word' id='word_1_355' title='bbox 1733 2109 1799 2147; x_wconf 88' lang='lat' dir='ltr'>est</span> <span class='ocrx_word' id='word_1_356' title='bbox 1834 2109 1972 2147; x_wconf 89' lang='lat' dir='ltr'>status</span> <span class='ocrx_word' id='word_1_357' title='bbox 2008 2105 2305 2148; x_wconf 86' lang='lat' dir='ltr'>securissimus</span> <span class='ocrx_word' id='word_1_358' title='bbox 2340 2106 2387 2147; x_wconf 87' lang='lat' dir='ltr'>in</span> <span class='ocrx_word' id='word_1_359' title='bbox 2431 2142 2436 2154; x_wconf 47' lang='lat'>2</span> 
     </span>
    </p>
   </div>
   <div class='ocr_carea' id='block_1_23' title="bbox 1421 2161 2385 2377">
    <p class='ocr_par' dir='ltr' id='par_1_62' title="bbox 1476 2161 1876 2206">
     <span class='ocr_line' id='line_1_80' title="bbox 1476 2161 1876 2206; baseline 0.008 -4"><span class='ocrx_word' id='word_1_360' title='bbox 1476 2162 1558 2203; x_wconf 91' lang='lat' dir='ltr'>hoc</span> <span class='ocrx_word' id='word_1_361' title='bbox 1586 2161 1748 2203; x_wconf 92' lang='lat' dir='ltr'>mundo</span> <span class='ocrx_word' id='word_1_362' title='bbox 1779 2163 1876 2206; x_wconf 88' lang='lat'><strong>504.</strong></span> 
     </span>
    </p>

    <p class='ocr_par' dir='ltr' id='par_1_63' title="bbox 1421 2219 2385 2331">
     <span class='ocr_line' id='line_1_81' title="bbox 1421 2219 2385 2275; baseline 0.005 -16"><span class='ocrx_word' id='word_1_363' title='bbox 1421 2243 1474 2249; x_wconf 88' lang='lat'>—</span> <span class='ocrx_word' id='word_1_364' title='bbox 1524 2220 1569 2259; x_wconf 92' lang='lat' dir='ltr'>in</span> <span class='ocrx_word' id='word_1_365' title='bbox 1598 2220 1862 2275; x_wconf 41' lang='lat' dir='ltr'>«ewangelio</span> <span class='ocrx_word' id='word_1_366' title='bbox 1907 2220 2125 2263; x_wconf 83' lang='lat' dir='ltr'>ordinatos</span> <span class='ocrx_word' id='word_1_367' title='bbox 2169 2219 2385 2265; x_wconf 79' lang='lat' dir='ltr'>dimittere</span> 
     </span>
     <span class='ocr_line' id='line_1_82' title="bbox 1477 2278 2256 2331; baseline 0 -13"><span class='ocrx_word' id='word_1_368' title='bbox 1477 2281 1704 2331; x_wconf 91' lang='lat' dir='ltr'>peccatum</span> <span class='ocrx_word' id='word_1_369' title='bbox 1735 2282 1800 2318; x_wconf 90' lang='lat' dir='ltr'>est</span> <span class='ocrx_word' id='word_1_370' title='bbox 1829 2278 1926 2319; x_wconf 89' lang='lat'><strong>268.</strong></span> <span class='ocrx_word' id='word_1_371' title='bbox 2254 2280 2256 2282; x_wconf 78' lang='grc'>’</span> 
     </span>
    </p>

    <p class='ocr_par' dir='ltr' id='par_1_64' title="bbox 1422 2333 2168 2377">
     <span class='ocr_line' id='line_1_83' title="bbox 1422 2333 2168 2377; baseline 0.003 -2"><span class='ocrx_word' id='word_1_372' title='bbox 1422 2356 1475 2364; x_wconf 89' lang='lat'>-</span> <span class='ocrx_word' id='word_1_373' title='bbox 1506 2333 1724 2376; x_wconf 84' lang='lat' dir='ltr'>excedunt</span> <span class='ocrx_word' id='word_1_374' title='bbox 1751 2338 1916 2375; x_wconf 89' lang='lat' dir='ltr'>sectam</span> <span class='ocrx_word' id='word_1_375' title='bbox 1945 2334 2072 2377; x_wconf 82' lang='lat' dir='ltr'>Gristi</span> <span class='ocrx_word' id='word_1_376' title='bbox 2100 2336 2168 2377; x_wconf 89' lang='lat'>98.</span> 
     </span>
    </p>
   </div>
   <div class='ocr_carea' id='block_1_24' title="bbox 1422 2374 2503 2447">
    <p class='ocr_par' dir='ltr' id='par_1_65' title="bbox 1422 2374 2503 2447">
     <span class='ocr_line' id='line_1_84' title="bbox 1422 2374 2503 2447; baseline 0.006 -16"><span class='ocrx_word' id='word_1_377' title='bbox 1422 2414 1477 2422; x_wconf 89' lang='lat'>—</span> <span class='ocrx_word' id='word_1_378' title='bbox 1504 2403 1619 2446; x_wconf 90' lang='lat' dir='ltr'>pape</span> <span class='ocrx_word' id='word_1_379' title='bbox 1649 2404 1747 2432; x_wconf 92' lang='lat' dir='ltr'>cum</span> <span class='ocrx_word' id='word_1_380' title='bbox 1777 2404 1855 2432; x_wconf 88' lang='lat' dir='ltr'>suo</span> <span class='ocrx_word' id='word_1_381' title='bbox 1884 2391 2060 2433; x_wconf 90' lang='lat' dir='ltr'>nomine</span> <span class='ocrx_word' id='word_1_382' title='bbox 2088 2392 2259 2447; x_wconf 85' lang='lat' dir='ltr'>expirat</span> <span class='ocrx_word' id='word_1_383' title='bbox 2288 2392 2383 2434; x_wconf 91' lang='grc'><strong>171.</strong></span> <span class='ocrx_word' id='word_1_384' title='bbox 2432 2374 2445 2417; x_wconf 65' lang='lat'><em>‡</em></span> <span class='ocrx_word' id='word_1_385' title='bbox 2501 2399 2503 2437; x_wconf 61' lang='grc' dir='ltr'><strong>ᾗ</strong></span> 
     </span>
    </p>
   </div>
   <div class='ocr_carea' id='block_1_25' title="bbox 1423 2448 1988 2491">
    <p class='ocr_par' dir='ltr' id='par_1_66' title="bbox 1423 2448 1988 2491">
     <span class='ocr_line' id='line_1_85' title="bbox 1423 2448 1988 2491; baseline 0.002 -2"><span class='ocrx_word' id='word_1_386' title='bbox 1423 2471 1476 2478; x_wconf 91' lang='grc'>-</span> <span class='ocrx_word' id='word_1_387' title='bbox 1506 2449 1645 2489; x_wconf 86' lang='lat' dir='ltr'>iustus</span> <span class='ocrx_word' id='word_1_388' title='bbox 1674 2448 1860 2490; x_wconf 86' lang='lat' dir='ltr'>hominis</span> <span class='ocrx_word' id='word_1_389' title='bbox 1893 2449 1988 2491; x_wconf 89' lang='lat'><strong>173.</strong></span> 
     </span>
    </p>
   </div>
   <div class='ocr_carea' id='block_1_26' title="bbox 1423 2505 2450 2562">
    <p class='ocr_par' dir='ltr' id='par_1_67' title="bbox 1423 2505 2450 2562">
     <span class='ocr_line' id='line_1_86' title="bbox 1423 2505 2450 2562; baseline 0.001 -15"><span class='ocrx_word' id='word_1_390' title='bbox 1423 2529 1475 2536; x_wconf 94' lang='lat'>—</span> <span class='ocrx_word' id='word_1_391' title='bbox 1515 2506 1571 2547; x_wconf 92' lang='lat' dir='ltr'>ad</span> <span class='ocrx_word' id='word_1_392' title='bbox 1615 2505 1941 2547; x_wconf 88' lang='lat' dir='ltr'>edificacionem</span> <span class='ocrx_word' id='word_1_393' title='bbox 1977 2506 2164 2562; x_wconf 89' lang='lat' dir='ltr'>corporis</span> <span class='ocrx_word' id='word_1_394' title='bbox 2200 2505 2384 2548; x_wconf 88' lang='lat' dir='ltr'>ecclesie</span> <span class='ocrx_word' id='word_1_395' title='bbox 2447 2528 2450 2533; x_wconf 93' lang='lat'>·</span> 
     </span>
    </p>
   </div>
   <div class='ocr_carea' id='block_1_27' title="bbox 1424 2563 2106 2675">
    <p class='ocr_par' dir='ltr' id='par_1_68' title="bbox 1424 2563 2106 2675">
     <span class='ocr_line' id='line_1_87' title="bbox 1480 2563 1829 2605; baseline 0 0"><span class='ocrx_word' id='word_1_396' title='bbox 1480 2563 1702 2605; x_wconf 89' lang='lat' dir='ltr'>ordinatus</span> <span class='ocrx_word' id='word_1_397' title='bbox 1734 2563 1829 2605; x_wconf 91' lang='lat'><strong>100.</strong></span> 
     </span>
     <span class='ocr_line' id='line_1_88' title="bbox 1424 2620 2106 2675; baseline 0.001 -14"><span class='ocrx_word' id='word_1_398' title='bbox 1424 2644 1477 2650; x_wconf 92' lang='lat'>-—</span> <span class='ocrx_word' id='word_1_399' title='bbox 1507 2633 1620 2675; x_wconf 89' lang='lat' dir='ltr'>pape</span> <span class='ocrx_word' id='word_1_400' title='bbox 1652 2625 1696 2662; x_wconf 87' lang='lat' dir='ltr'>et</span> <span class='ocrx_word' id='word_1_401' title='bbox 1723 2620 2009 2662; x_wconf 82' lang='lat' dir='ltr'>cardinalium</span> <span class='ocrx_word' id='word_1_402' title='bbox 2038 2621 2106 2663; x_wconf 86' lang='grc'>66.</span> 
     </span>
    </p>
   </div>
   <div class='ocr_carea' id='block_1_28' title="bbox 1424 2647 2444 2734">
    <p class='ocr_par' dir='ltr' id='par_1_69' title="bbox 1424 2647 2444 2734">
     <span class='ocr_line' id='line_1_89' title="bbox 1424 2647 2444 2734; baseline 0.001 -16"><span class='ocrx_word' id='word_1_403' title='bbox 1424 2701 1477 2707; x_wconf 89' lang='grc'><strong>-</strong></span> <span class='ocrx_word' id='word_1_404' title='bbox 1506 2678 1688 2719; x_wconf 88' lang='lat' dir='ltr'>fratrum</span> <span class='ocrx_word' id='word_1_405' title='bbox 1715 2678 1814 2732; x_wconf 91' lang='lat' dir='ltr'>plus</span> <span class='ocrx_word' id='word_1_406' title='bbox 1835 2678 2054 2732; x_wconf 87' lang='lat' dir='ltr'>perfectus</span> <span class='ocrx_word' id='word_1_407' title='bbox 2081 2681 2197 2720; x_wconf 85' lang='lat' dir='ltr'>statu</span> <span class='ocrx_word' id='word_1_408' title='bbox 2217 2681 2386 2734; x_wconf 83' lang='lat' dir='ltr'>aposto·</span> <span class='ocrx_word' id='word_1_409' title='bbox 2438 2647 2444 2650; x_wconf 92' lang='lat'><em>-</em></span> 
     </span>
    </p>
   </div>
   <div class='ocr_carea' id='block_1_29' title="bbox 1478 2736 1661 2777">
    <p class='ocr_par' dir='ltr' id='par_1_70' title="bbox 1478 2736 1661 2777">
     <span class='ocr_line' id='line_1_90' title="bbox 1478 2736 1661 2777; baseline 0 -1"><span class='ocrx_word' id='word_1_410' title='bbox 1478 2736 1562 2776; x_wconf 93' lang='lat' dir='ltr'>lico</span> <span class='ocrx_word' id='word_1_411' title='bbox 1594 2736 1661 2777; x_wconf 93' lang='lat'>66.</span> 
     </span>
    </p>
   </div>
   <div class='ocr_carea' id='block_1_30' title="bbox 1423 2791 2435 2847">
    <p class='ocr_par' dir='ltr' id='par_1_71' title="bbox 1423 2759 2512 2848">
     <span class='ocr_line' id='line_1_91' title="bbox 1423 2791 2435 2847; baseline 0.002 -14"><span class='ocrx_word' id='word_1_412' title='bbox 1423 2815 1476 2821; x_wconf 92' lang='lat'><strong>—</strong></span> <span class='ocrx_word' id='word_1_413' title='bbox 1513 2792 1794 2834; x_wconf 86' lang='lat' dir='ltr'>sacerdotalis</span> <span class='ocrx_word' id='word_1_414' title='bbox 1830 2791 2087 2846; x_wconf 87' lang='lat' dir='ltr'>parochialis</span> <span class='ocrx_word' id='word_1_415' title='bbox 2121 2791 2304 2833; x_wconf 86' lang='lat' dir='ltr'>includit</span> <span class='ocrx_word' id='word_1_416' title='bbox 2338 2791 2384 2832; x_wconf 92' lang='lat' dir='ltr'>in</span> <span class='ocrx_word' id='word_1_417' title='bbox 2434 2843 2435 2847; x_wconf 13' lang='lat'>¹</span> 
     </span>
    </p>
   </div>
   <div class='ocr_carea' id='block_1_31' title="bbox 1479 2849 2385 2949">
    <p class='ocr_par' dir='ltr' id='par_1_72' title="bbox 1479 2849 2385 2949">
     <span class='ocr_line' id='line_1_92' title="bbox 1479 2849 2385 2892; baseline -0.001 -1"><span class='ocrx_word' id='word_1_418' title='bbox 1479 2862 1526 2891; x_wconf 90' lang='lat' dir='ltr'>se</span> <span class='ocrx_word' id='word_1_419' title='bbox 1563 2854 1724 2891; x_wconf 91' lang='lat' dir='ltr'>statum</span> <span class='ocrx_word' id='word_1_420' title='bbox 1754 2849 1958 2891; x_wconf 91' lang='lat' dir='ltr'>alciorem</span> <span class='ocrx_word' id='word_1_421' title='bbox 1986 2850 2178 2891; x_wconf 86' lang='lat' dir='ltr'>virtuose</span> <span class='ocrx_word' id='word_1_422' title='bbox 2209 2861 2385 2892; x_wconf 85' lang='lat' dir='ltr'>conver-</span> 
     </span>
     <span class='ocr_line' id='line_1_93' title="bbox 1479 2907 1789 2949; baseline 0.003 -2"><span class='ocrx_word' id='word_1_423' title='bbox 1479 2907 1663 2948; x_wconf 86' lang='lat' dir='ltr'>sacionis</span> <span class='ocrx_word' id='word_1_424' title='bbox 1694 2907 1789 2949; x_wconf 88' lang='lat'><strong>505.</strong></span> 
     </span>
    </p>
   </div>
   <div class='ocr_carea' id='block_1_32' title="bbox 1421 2963 2515 3018">
    <p class='ocr_par' dir='ltr' id='par_1_73' title="bbox 1421 2963 2515 3018">
     <span class='ocr_line' id='line_1_94' title="bbox 1421 2963 2515 3018; baseline -0.002 -12"><span class='ocrx_word' id='word_1_425' title='bbox 1421 2986 1476 2994; x_wconf 89' lang='lat'>—-</span> <span class='ocrx_word' id='word_1_426' title='bbox 1506 2969 1555 3005; x_wconf 87' lang='lat' dir='ltr'>ut</span> <span class='ocrx_word' id='word_1_427' title='bbox 1594 2968 1661 3006; x_wconf 88' lang='lat' dir='ltr'>est</span> <span class='ocrx_word' id='word_1_428' title='bbox 1696 2964 1839 3005; x_wconf 91' lang='lat' dir='ltr'>minus</span> <span class='ocrx_word' id='word_1_429' title='bbox 1874 2963 2141 3018; x_wconf 87' lang='lat' dir='ltr'>periculosus</span> <span class='ocrx_word' id='word_1_430' title='bbox 2171 2967 2237 3006; x_wconf 86' lang='lat' dir='ltr'>est</span> <span class='ocrx_word' id='word_1_431' title='bbox 2264 2975 2385 3005; x_wconf 88' lang='lat' dir='ltr'>secu·</span> <span class='ocrx_word' id='word_1_432' title='bbox 2443 2990 2446 2994; x_wconf 64' lang='grc'><em>»</em></span> <span class='ocrx_word' id='word_1_433' title='bbox 2514 2978 2515 3010; x_wconf 55' lang='grc' dir='ltr'><strong>ς</strong></span> 
     </span>
    </p>
   </div>
   <div class='ocr_carea' id='block_1_33' title="bbox 1423 3022 2385 3234">
    <p class='ocr_par' dir='ltr' id='par_1_74' title="bbox 1423 3022 2385 3234">
     <span class='ocr_line' id='line_1_95' title="bbox 1423 3022 2384 3132; baseline -0.002 -12"><span class='ocrx_word' id='word_1_434' title='bbox 1423 3022 1758 3120; x_wconf 46' lang='grc' dir='ltr'>-Υιῐῖιζηὸἓεῗ6ῐίὶ</span> <span class='ocrx_word' id='word_1_435' title='bbox 1793 3078 1962 3132; x_wconf 89' lang='lat' dir='ltr'>capitur</span> <span class='ocrx_word' id='word_1_436' title='bbox 1996 3077 2282 3132; x_wconf 84' lang='lat' dir='ltr'>personaliter</span> <span class='ocrx_word' id='word_1_437' title='bbox 2307 3090 2384 3132; x_wconf 90' lang='lat' dir='ltr'>pro</span> 
     </span>
     <span class='ocr_line' id='line_1_96' title="bbox 1478 3135 2385 3187; baseline -0.001 -10"><span class='ocrx_word' id='word_1_438' title='bbox 1478 3139 1607 3187; x_wconf 88' lang='lat' dir='ltr'>statu,</span> <span class='ocrx_word' id='word_1_439' title='bbox 1639 3135 1710 3176; x_wconf 92' lang='lat' dir='ltr'>cui</span> <span class='ocrx_word' id='word_1_440' title='bbox 1738 3135 1895 3177; x_wconf 90' lang='lat' dir='ltr'>accidit</span> <span class='ocrx_word' id='word_1_441' title='bbox 1920 3139 2057 3177; x_wconf 86' lang='lat' dir='ltr'>status</span> <span class='ocrx_word' id='word_1_442' title='bbox 2076 3135 2268 3177; x_wconf 86' lang='lat' dir='ltr'>virtuose</span> <span class='ocrx_word' id='word_1_443' title='bbox 2286 3147 2385 3177; x_wconf 82' lang='lat' dir='ltr'>con-</span> 
     </span>
     <span class='ocr_line' id='line_1_97' title="bbox 1477 3191 2260 3234; baseline 0 0"><span class='ocrx_word' id='word_1_444' title='bbox 1477 3192 1740 3234; x_wconf 89' lang='lat' dir='ltr'>versacionis</span> <span class='ocrx_word' id='word_1_445' title='bbox 1769 3194 1865 3234; x_wconf 87' lang='lat'><strong>503.</strong></span> <span class='ocrx_word' id='word_1_446' title='bbox 2257 3191 2260 3195; x_wconf 81' lang='grc'>’</span> 
     </span>
    </p>
   </div>
   <div class='ocr_carea' id='block_1_34' title="bbox 1425 3249 2512 3304">
    <p class='ocr_par' dir='ltr' id='par_1_75' title="bbox 1425 3249 2512 3304">
     <span class='ocr_line' id='line_1_98' title="bbox 1425 3249 2512 3304; baseline 0 -14"><span class='ocrx_word' id='word_1_447' title='bbox 1425 3274 1475 3279; x_wconf 89' lang='grc'><strong>-</strong></span> <span class='ocrx_word' id='word_1_448' title='bbox 1507 3249 1663 3304; x_wconf 80' lang='lat' dir='ltr'>aliquis</span> <span class='ocrx_word' id='word_1_449' title='bbox 1689 3254 1739 3290; x_wconf 93' lang='lat' dir='ltr'>ut</span> <span class='ocrx_word' id='word_1_450' title='bbox 1765 3254 1831 3291; x_wconf 87' lang='lat' dir='ltr'>est</span> <span class='ocrx_word' id='word_1_451' title='bbox 1848 3249 2078 3291; x_wconf 88' lang='lat' dir='ltr'>virtuosior</span> <span class='ocrx_word' id='word_1_452' title='bbox 2104 3253 2170 3292; x_wconf 85' lang='lat' dir='ltr'>est</span> <span class='ocrx_word' id='word_1_453' title='bbox 2195 3249 2386 3291; x_wconf 88' lang='lat' dir='ltr'>securior</span> <span class='ocrx_word' id='word_1_454' title='bbox 2410 3263 2413 3266; x_wconf 92' lang='grc'><em>·</em></span> <span class='ocrx_word' id='word_1_455' title='bbox 2446 3279 2451 3283; x_wconf 76' lang='lat'><em>·</em></span> <span class='ocrx_word' id='word_1_456' title='bbox 2508 3270 2512 3271; x_wconf 26' lang='grc' dir='ltr'><em>ν</em></span> 
     </span>
    </p>
   </div>
   <div class='ocr_carea' id='block_1_35' title="bbox 1423 3307 2383 3590">
    <p class='ocr_par' dir='ltr' id='par_1_76' title="bbox 1423 3307 2383 3590">
     <span class='ocr_line' id='line_1_99' title="bbox 1479 3307 2250 3362; baseline 0 -14"><span class='ocrx_word' id='word_1_457' title='bbox 1479 3307 1582 3361; x_wconf 90' lang='lat' dir='ltr'>quia</span> <span class='ocrx_word' id='word_1_458' title='bbox 1612 3319 1638 3347; x_wconf 91' lang='lat' dir='ltr'>a</span> <span class='ocrx_word' id='word_1_459' title='bbox 1666 3311 1845 3361; x_wconf 90' lang='lat' dir='ltr'>peccato</span> <span class='ocrx_word' id='word_1_460' title='bbox 1876 3307 2125 3362; x_wconf 83' lang='lat' dir='ltr'>elongacior</span> <span class='ocrx_word' id='word_1_461' title='bbox 2153 3307 2250 3348; x_wconf 86' lang='lat'><strong>504.</strong></span> 
     </span>
     <span class='ocr_line' id='line_1_100' title="bbox 1424 3363 2240 3406; baseline 0 -2"><span class='ocrx_word' id='word_1_462' title='bbox 1424 3386 1476 3392; x_wconf 93' lang='lat'>—</span> <span class='ocrx_word' id='word_1_463' title='bbox 1507 3364 1749 3405; x_wconf 87' lang='lat' dir='ltr'>claustralis</span> <span class='ocrx_word' id='word_1_464' title='bbox 1777 3364 1824 3404; x_wconf 91' lang='lat' dir='ltr'>in</span> <span class='ocrx_word' id='word_1_465' title='bbox 1851 3364 2114 3406; x_wconf 83' lang='lat' dir='ltr'>monasterio</span> <span class='ocrx_word' id='word_1_466' title='bbox 2143 3363 2240 3406; x_wconf 88' lang='grc'><strong>501.</strong></span> 
     </span>
     <span class='ocr_line' id='line_1_101' title="bbox 1423 3421 2372 3476; baseline 0.001 -14"><span class='ocrx_word' id='word_1_467' title='bbox 1423 3444 1476 3449; x_wconf 95' lang='grc'><strong>-</strong></span> <span class='ocrx_word' id='word_1_468' title='bbox 1507 3425 1723 3462; x_wconf 90' lang='lat' dir='ltr'>sectarum</span> <span class='ocrx_word' id='word_1_469' title='bbox 1751 3421 1993 3476; x_wconf 88' lang='lat' dir='ltr'>superfluus</span> <span class='ocrx_word' id='word_1_470' title='bbox 2023 3422 2119 3463; x_wconf 86' lang='lat'><strong>692.</strong></span> <span class='ocrx_word' id='word_1_471' title='bbox 2365 3427 2372 3433; x_wconf 87' lang='lat'><strong><em>‘</em></strong></span> 
     </span>
     <span class='ocr_line' id='line_1_102' title="bbox 1423 3477 2383 3533; baseline -0.003 -14"><span class='ocrx_word' id='word_1_472' title='bbox 1423 3499 1476 3506; x_wconf 91' lang='lat'><strong>—</strong></span> <span class='ocrx_word' id='word_1_473' title='bbox 1521 3478 1800 3520; x_wconf 88' lang='lat' dir='ltr'>sacerdotalis</span> <span class='ocrx_word' id='word_1_474' title='bbox 1843 3477 2099 3533; x_wconf 87' lang='lat' dir='ltr'>parochialis</span> <span class='ocrx_word' id='word_1_475' title='bbox 2140 3481 2278 3519; x_wconf 81' lang='lat' dir='ltr'>status</span> <span class='ocrx_word' id='word_1_476' title='bbox 2317 3478 2383 3516; x_wconf 86' lang='lat' dir='ltr'>est</span> 
     </span>
     <span class='ocr_line' id='line_1_103' title="bbox 1478 3534 2279 3590; baseline -0.001 -14"><span class='ocrx_word' id='word_1_477' title='bbox 1478 3535 1715 3589; x_wconf 89' lang='lat' dir='ltr'>perfeccior</span> <span class='ocrx_word' id='word_1_478' title='bbox 1743 3536 1955 3590; x_wconf 83' lang='lat' dir='ltr'>religione</span> <span class='ocrx_word' id='word_1_479' title='bbox 1984 3536 2155 3590; x_wconf 84' lang='lat' dir='ltr'>privata</span> <span class='ocrx_word' id='word_1_480' title='bbox 2174 3534 2279 3576; x_wconf 43' lang='lat'><strong>¹505.</strong></span> 
     </span>
    </p>
   </div>
   <div class='ocr_carea' id='block_1_36' title="bbox 2414 0 2528 3686">
    <p class='ocr_par' dir='ltr' id='par_1_77' title="bbox 2414 0 2528 3686">
     <span class='ocr_line' id='line_1_104' title="bbox 2414 0 2528 3686; baseline 0 0"><span class='ocrx_word' id='word_1_481' title='bbox 2414 0 2528 3686; x_wconf 95' lang='lat' dir='ltr'> </span> 
     </span>
    </p>
   </div>
  </div>
 </body>
</html>
