2528 4074
149 494 242 532 cap.
282 476 372 534 VI]
473 478 567 517 DE
595 476 1124 518 CONTRARIETATE
1150 476 1432 515 DUORUM
1457 477 1757 516 DOMINOR
1770 477 1870 517 UM.
2082 484 2185 531 707

146 643 243 692 que
282 631 359 674 est
397 640 580 688 corpus
619 623 743 672 eius.
808 622 895 671 Ex
921 639 1021 689 quo
1048 622 1226 687 palam
1253 622 1498 688 sequitur,
1541 622 1678 687 quod
1711 630 1814 671 tres
1840 620 2023 673 terciei
2055 625 2185 674 mili-

143 712 300 762 tantis
340 710 556 760 ecclesie
595 716 715 759 sunt
753 709 918 759 eciam
958 709 1165 774 singula
1191 727 1352 758 unum
1381 726 1565 774 corpus
1605 716 1657 758 et
1682 709 1820 759 ultra
1846 717 2005 775 patet,
2049 712 2186 777 quod

144 797 371 865 quelibet
406 797 615 847 illarum
653 796 888 862 parcium
929 804 1006 847 est
1032 797 1316 867 secundum
1343 803 1546 862 partem
1578 796 1866 861 digniorem
1904 799 2182 859 masculus,

143 885 372 946 clericus,
401 884 649 934 secularis
676 884 916 934 dominus
941 885 1027 935 vel
1055 885 1336 950 operarius.
1395 884 1468 934 Et
1492 901 1586 950 per
1612 901 1932 951 consequens
1958 885 2056 935 iste
2081 893 2185 936 tres

101 979 314 1038 5partes
353 971 570 1022 ecclesie
605 978 726 1022 sunt
762 972 908 1033 tales,
950 971 1129 1038 quales
1167 973 1222 1021 in
1259 972 1514 1039 principio
1554 979 1674 1022 sunt
1700 972 1972 1037 descripte.
2040 971 2187 1022 Sicut

141 1059 277 1109 enim
288 1058 509 1125 Ethiops
529 1066 607 1109 est
623 1058 774 1110 albus
792 1059 1078 1110 secundum
1097 1060 1293 1122 dentes,
1322 1061 1394 1111 sic
1420 1059 1607 1110 fratres
1631 1067 1752 1109 sunt
1775 1060 1990 1109 heretici
2006 1076 2184 1110 secun-

140 1147 262 1197 dum
299 1153 474 1212 partes
512 1147 788 1212 prescitas,
839 1146 1083 1198 liberales
1131 1148 1382 1198 sciencias
1422 1148 1737 1213 ignorantes.
1815 1146 2006 1198 Adhuc
2047 1148 2185 1198 enim

139 1234 227 1284 alii
263 1234 478 1284 heretici
525 1252 631 1285 non
678 1235 990 1300 impugnant
1035 1236 1432 1301 grammaticam
1470 1236 1592 1285 fidei
1630 1236 1905 1301 scripture,
1963 1236 2054 1286 sed
2091 1235 2185 1286 illa

137 1321 402 1387 supposita
440 1322 732 1372 ascendunt
784 1322 852 1372 ad
904 1322 1129 1388 logicam
1168 1324 1623 1389 nigromanticam‚
1680 1323 1778 1373 hoc
1829 1330 1906 1373 est
1951 1323 2184 1389 dyaboli-

71 1420 123 1458 10
141 1426 269 1470 cam,
309 1409 492 1474 ipsam,
534 1416 593 1459 ut
629 1417 832 1476 putant,
874 1410 1102 1461 heretice
1141 1412 1514 1478 impugnando.
1570 1411 1682 1461 Nec
1708 1411 1817 1461 vidi
1856 1418 2058 1461 textum
2098 1412 2183 1462 vel

133 1497 394 1547 racionem
431 1514 525 1563 pro
563 1497 665 1548 ista
698 1497 970 1549 demencia
998 1499 1280 1550 coloranda
1320 1500 1419 1550 nisi
1444 1500 1597 1550 istam
1625 1499 1960 1549 Decretalem
2002 1501 2183 1550 ‘omnis

133 1585 396 1652 utriusque
435 1581 662 1647 sexus'k,
719 1585 808 1636 ubi
848 1587 1055 1637 videtur
1092 1605 1284 1653 papam
1326 1587 1515 1637 debere
1563 1587 1705 1654 loqui
1744 1587 2077 1638 conformiter
2115 1589 2182 1638 ad

133 1672 455 1738 scripturam,
499 1673 638 1740 quod
677 1674 842 1725 omnis
881 1675 1053 1726 viator
1092 1675 1249 1726 debet
1288 1675 1448 1726 semel
1486 1675 1540 1725 in
1581 1693 1718 1725 anno
1751 1675 1926 1725 omnia
1962 1684 2181 1741 peccata

131 1777 224 1810 sua
262 1759 519 1811 sacerdoti
570 1762 779 1827 proprio
829 1763 1083 1825 confiteri,
1140 1764 1240 1814 nisi
1293 1763 1450 1825 forte,
1509 1764 1630 1830 quia
1684 1763 1852 1814 voluit
1904 1771 2180 1831 utrumque

63 1856 114 1894 15
131 1865 312 1898 sexum
350 1848 405 1898 in
443 1847 544 1899 ista
585 1849 835 1900 decretali
861 1857 971 1901 tam
998 1852 1291 1902 necessaria
1319 1852 1649 1917 expressisse.
1706 1851 1812 1902 Sed
1838 1851 2182 1918 grama(t)ici3

131 1952 247 1985 cum
300 1936 556 1987 adiutorio
607 1936 895 2002 logicorum
945 1940 1257 2005 impugnant
1306 1939 1441 1989 hanc
1492 1939 1677 2005 legem,
1723 1940 1975 2002 dicentes,
2043 1942 2181 2008 quod

131 2022 297 2073 solum
335 2041 428 2089 pro
469 2024 1012 2092 (k)erm(aph)roditis4
1052 2027 1116 2078 de
1153 2027 1346 2079 virtute
1385 2026 1630 2077 vocabuli
1668 2027 1768 2077 fuit
1804 2028 1962 2079 facta.

271 2110 345 2161 Et
368 2129 463 2177 per
486 2112 583 2163 hec
609 2120 758 2179 patet
782 2116 1047 2180 responsio
1076 2115 1143 2166 ad
1170 2115 1452 2166 secundam
1480 2116 1762 2181 arguciam,
1805 2133 1907 2183 qua
1944 2117 2181 2182 arguitur

129 2197 397 2249 divisionis
448 2200 828 2252 insufficiencia
867 2219 934 2252 ex
971 2202 1085 2263 hoc,
1129 2203 1267 2270 quod
1304 2203 1532 2254 infantes
1571 2203 1824 2269 baptizati
1861 2204 1915 2254 in
1941 2206 2178 2270 proximo

57 2294 113 2334 ‘20
128 2286 360 2336 morituri
397 2304 502 2338 non
541 2295 662 2339 sunt
700 2289 765 2339 de
804 2289 980 2357 aliqua
1006 2298 1155 2356 parte
1182 2291 1400 2342 ecclesie
1432 2292 1725 2353 nominata,
1769 2299 1820 2342 et
1844 2299 2022 2342 tamen
2061 2302 2181 2343 sunt

127 2373 360 2425 membra
408 2375 642 2438 ecclesie,
699 2394 817 2428 cum
866 2378 970 2428 sint
1015 2379 1378 2444 predestinati,
1436 2397 1557 2446 ergo
1613 2381 1798 2430 divisio
1843 2381 2176 2447 incompleta.

271 2461 344 2512 Et
380 2463 516 2514 forte
552 2463 716 2515 frater
760 2465 886 2516 fecit
933 2467 1088 2517 istam
1137 2468 1426 2533 arguciam,
1484 2469 1605 2535 quia
1651 2469 1826 2518 nullus
1865 2487 2042 2519 eorum
2082 2470 2180 2520 scit

126 2549 363 2612 fundare,
406 2552 545 2619 quod
582 2552 682 2618 ipsi
720 2562 842 2604 sunt
881 2554 1057 2622 aliqua
1083 2573 1203 2621 pars
1231 2555 1450 2606 ecclesie
1475 2557 1763 2607 militantis.
1818 2557 1974 2607 Tales
2002 2565 2177 2608 autem

140 2637 380 2700 infantes,
422 2657 540 2690 cum
579 2641 683 2691 sint
718 2642 1073 2707 predestinati,
1115 2652 1234 2694 sunt
1274 2643 1429 2695 Cristi
1467 2645 1657 2696 milites
1706 2663 1767 2696 ac
1808 2646 1973 2696 eciam
2013 2663 2178 2696 sacer-

55 2734 109 2774 25
128 2724 273 2776 dotes
312 2734 364 2776 et
400 2728 662 2779 meritorie
707 2729 1030 2782 laborantes:
1089 2732 1346 2798 quomodo
1402 2750 1523 2798 ergo
1577 2751 1682 2783 non
1736 2740 1857 2784 sunt
1908 2734 1962 2783 in
2001 2734 2178 2801 aliqua

125 2820 274 2879 parte
301 2814 518 2866 ecclesie
545 2817 836 2878 nominata,
883 2836 1001 2868 cum
1029 2820 1358 2871 extendendo
1397 2821 1675 2871 terminum
1703 2829 1824 2872 sunt
1861 2822 1914 2871 in
1943 2821 2178 2889 qualibet

124 2901 278 2950 trium
316 2903 552 2968 parcium
592 2905 810 2956 ecclesie
849 2907 1178 2972 supradicta?
1232 2908 1343 2959 Nec
1384 2917 1460 2959 est
1499 2909 1887 2973 inconveniens,
1928 2910 2019 2960 sed
2059 2927 2176 2960 con·

126 3006 322 3051 sonum,
365 2991 502 3056 quod
543 2991 683 3043 dicta
722 2993 944 3044 ecclesia
983 2994 1143 3045 habet
1182 2996 1349 3046 solum
1388 3014 1547 3046 unam
1586 3005 1805 3063 partem,
1848 2998 2047 3048 scilicet
2084 2998 2175 3047 mi-

126 3076 358 3138 litanteS,
415 3078 583 3129 solum
631 3081 761 3131 duas
799 3089 989 3147 parteS,
1032 3083 1230 3141 scilicet
1268 3084 1702 3150 contemplativos
1742 3092 1794 3135 et
1847 3086 2069 3147 actiVOS,
2127 3094 2178 3136 et

54 3173 109 3213 30
126 3164 197 3214 sic
247 3172 500 3233 quotquot
550 3167 776 3218 volueris
831 3169 1078 3231 limitare,
1135 3172 1267 3223 sicut
1318 3173 1686 3223 mandatorum
1741 3173 2022 3239 decalogus
2050 3179 2069 3232 ΙΙ
2099 3182 2178 3224 est
2200 3190 2469 3234 lgAshfoz.47a

127 3252 293 3302 solum
331 3271 487 3315 unus,
529 3255 650 3321 quia
689 3256 923 3317 dileccio,
965 3265 1023 3307 ut
1076 3259 1202 3309 dicit
1254 3261 1518 3326 apostolus
1555 3261 1705 3328 Rom.
1750 3259 1857 3322 132
1910 3270 1962 3312 et
2008 3262 2174 3312 solum

487 3409 500 3435 ²⁸
530 3428 593 3467 cp.
625 3415 751 3456 above
774 3430 820 3469 p.
856 3421 940 3459 706
973 3418 1001 3458 l.
1036 3421 1061 3459 2
1210 3414 1228 3440 ’ί
1261 3435 1323 3473 cp.
1359 3421 1480 3472 Corp.
1515 3422 1596 3461 im.
1637 3435 1727 3461 ean.
1761 3422 1824 3462 ed.
1857 3421 2034 3475 Leipziy
2061 3427 2171 3465 1879

416 3487 487 3538 ΙΙ,
521 3491 627 3536 887,·
659 3488 788 3530 Decr.
825 3491 952 3542 Grey.
978 3491 1068 3538 IX,
1090 3492 1118 3532 l.
1165 3492 1212 3544 V,
1246 3495 1313 3534 tit.
1336 3494 1479 3533 XXX
1484 3494 1623 3540 VIII,
1654 3509 1748 3547 cap.
1771 3495 1888 3542 XII,
1920 3496 1988 3535 De
2008 3497 2172 3537 Poenit.

418 3563 458 3600 et
489 3560 814 3602 Remissionibus
934 3560 943 3584 l
973 3579 1009 3605 v.
1035 3569 1057 3605 9

240 3687 259 3712 3
290 3691 533 3746 gramadici
553 3693 653 3735 MS.
774 3691 793 3716 4
824 3695 1116 3737 ermefroditis
1132 3698 1220 3736 MS

1717 3773 1772 3813 45
1783 3769 1803 3792 '³‘
