2528 4074
67 595 69 597 Ι
133 541 428 597 Lampredam
458 541 690 584 comedere
722 518 820 583 534.

75 603 77 609 ⁴
130 599 348 656 Lapidem
377 607 467 641 non
497 604 629 642 cavat
657 611 750 640 una
778 603 908 654 gutta
936 600 1037 642 400.

0 647 3 650 ’
60 654 67 670 ”
129 663 228 716 post
264 658 461 712 Lapsum
499 657 630 700 homo
667 657 802 700 debet
839 657 972 699 deum
1017 657 1112 699 dili-

188 729 294 773 gere
328 716 424 757 122.

2 773 9 779 “
62 738 71 791 ’7
94 803 98 806 -
125 774 303 830 -Laquei
332 774 391 816 ad
419 773 532 816 filios
563 773 636 815 dei
665 773 941 821 seducendos
971 775 1042 817 40.

130 857 185 865 —
215 832 496 875 voluntatum
527 832 597 874 52.

73 903 78 908 ·
122 891 344 935 Larvacio
373 890 672 946 ypocritarum
701 891 800 933 348.

60 978 63 979 ν
122 949 307 995 Lar-vati
339 948 520 1002 dyaboli
550 950 648 991 363.

129 1030 184 1040 -—
214 1007 395 1062 dyaboli
422 1007 631 1049 simulata
649 1021 768 1050 nova
786 1008 1003 1064 religione
1031 1022 1112 1064 per

63 1071 66 1073 ’
127 1090 130 1092 v
182 1066 441 1122 yprocrisim
469 1065 640 1108 inducti
669 1071 774 1108 sunt
804 1068 903 1110 363.

67 1147 70 1151 ·
97 1142 100 1144 ’
123 1125 276 1167 Lau-ie
304 1124 445 1166 honor
474 1124 557 1166 soli
586 1125 670 1166 deo
701 1125 978 1168 exhibendus
1009 1126 1109 1169 440.

71 1205 75 1236 3
125 1184 259 1226 Latro
289 1187 336 1224 et
364 1183 437 1228 fur
464 1195 584 1238 papa
614 1184 712 1226 684.

75 1245 77 1249 ’
122 1255 262 1284 —nes
291 1241 450 1283 fratres
479 1242 527 1283 in
556 1242 705 1298 regnis
734 1242 983 1286 intrinsecis
1014 1243 1084 1286 71.

62 1304 70 1331 ,·
125 1324 180 1331 —
210 1300 413 1342 nocturni
443 1300 602 1342 fratres
632 1302 702 1343 40.

68 1379 69 1382 =
127 1382 179 1390 -
211 1363 315 1400 sunt
343 1363 464 1401 secte
495 1363 687 1414 quatuor
715 1360 813 1402 394.

64 1418 72 1455 ,’
123 1417 381 1460 Laudabilis
425 1418 582 1473 religio
626 1422 827 1460 rarenter
862 1419 938 1460 vel
981 1433 1107 1461 num·

92 1498 99 1503 ·
181 1489 315 1531 quam
345 1476 582 1518 comitatur
607 1476 766 1518 fratres
801 1477 871 1519 46.

15 1565 19 1570 .
93 1534 372 1579 ··Laudanda
421 1539 489 1577 est
524 1535 810 1591 singulariter
856 1535 1106 1591 predicacio

181 1598 302 1635 secte
332 1598 490 1648 quarte
522 1595 620 1636 252.

73 1678 80 1682 -
120 1652 264 1694 Laute
286 1651 541 1694 dileccionis
578 1665 649 1694 res
669 1652 863 1708 diligunt
882 1658 1004 1696 secte
1034 1655 1104 1697 62.

93 1710 323 1761 *Lauticie
354 1711 539 1752 fratrum
571 1712 668 1753 193.

118 1783 208 1811 non
227 1794 282 1799 —
314 1774 570 1824 sumptuose
594 1770 833 1812 ministrari
863 1771 1030 1814 debent
1059 1772 1106 1813 in

176 1828 318 1870 forma
338 1828 599 1881 elemosine,
639 1828 719 1870 sed
745 1829 961 1872 alimenta
990 1845 1105 1873 com-

175 1887 328 1928 munia
359 1891 404 1929 et
432 1887 684 1929 necessaria
712 1889 811 1930 311.

117 1945 292 1988 Laxare
329 1946 528 1987 membra
573 1946 850 1988 dominorum
886 1952 1106 2004 tempora-

67 2002 70 2006 ’
174 2003 283 2045 lium
318 2005 415 2046 198.

92 2063 299 2119 ,Legifer
328 2062 463 2105 debet
490 2063 614 2105 laute
645 2063 771 2120 diligi
798 2064 898 2107 477.

115 2121 256 2177 Legio
288 2121 526 2164 demonum
557 2122 746 2164 collecta
773 2122 832 2164 ad
862 2122 1105 2179 dampnum

65 2186 67 2191 “
176 2180 364 2222 ecclesie
398 2181 496 2223 134.

68 2271 69 2274 ,
114 2239 298 2294 Legiste
329 2239 489 2281 nolunt
517 2239 666 2296 legem
696 2239 863 2282 domini
887 2240 1103 2285 honorare

118 2378 171 2387 -—
204 2356 262 2398 de
291 2368 473 2411 corpore
502 2355 609 2398 iuris
639 2357 738 2399 661.

66 2412 83 2421 ''
117 2438 171 2445 —
202 2414 546 2457 intromittentes
582 2428 630 2458 se
672 2415 728 2458 de
758 2415 963 2459 humanis
993 2417 1102 2474 legi-

74 2513 84 2520 ,
173 2474 256 2516 bus
291 2475 387 2516 169.

115 2532 282 2600 Legius
311 2532 443 2575 homo
473 2532 636 2574 cesaris
665 2532 832 2594 Cristus
865 2535 962 2577 105.

114 2591 234 2647 -gii
262 2590 463 2633 homines
483 2591 601 2646 regis
622 2591 751 2634 multi
768 2597 873 2635 sunt
892 2593 939 2634 in
970 2594 1101 2636 sectis

60 2740 62 2742 .
115 2732 170 2740 —
221 2708 421 2750 homines
477 2721 635 2764 regum
683 2713 801 2751 terre
858 2723 949 2752 non
999 2715 1102 2752 sunt

173 2772 294 2809 secte
323 2767 394 2808 42.

60 2855 62 2857 -
116 2849 170 2856 -
201 2825 404 2868 homines
432 2839 523 2868 non
552 2830 656 2868 sunt
685 2826 842 2868 fratres
875 2828 972 2870 105.

115 2885 234 2940 —gii
276 2883 477 2926 homines
521 2897 711 2940 regnum
749 2890 867 2928 terre
913 2887 1101 2942 apostoli

117 2943 348 3058 —ggg‘rum
378 3001 608 3043 hominum
635 3002 842 3044 introitus
875 3003 972 3045 104.

114 3060 299 3116 Leprosi
328 3060 494 3102 debent
522 3065 640 3102 stare
662 3061 843 3117 alonge
872 3066 917 3103 et
947 3062 1110 3109 vivere,

172 3123 298 3161 extra
328 3123 473 3161 castra
502 3119 602 3162 431.

114 3176 250 3220 Levis
279 3183 402 3220 secta
431 3177 640 3220 cristiana
670 3179 739 3220 31.

115 3235 370 3280 —issimum
385 3236 668 3278 mendacium
674 3241 910 3292 peccatum
925 3241 992 3279 est
1001 3238 1098 3280 349.

64 3330 65 3334 ,
114 3295 212 3337 Lex
243 3294 373 3336 Oristi
402 3308 493 3338 non
522 3308 603 3350 per
623 3308 672 3338 se
692 3294 919 3337 sufficiens
949 3295 1008 3338 ad
1029 3309 1098 3339 ec-

171 3353 353 3395 clesiam
383 3353 680 3410 regulandum
711 3355 818 3407 5633
851 3355 950 3396 682.

68 3415 69 3418 ’
115 3434 170 3443 ·—-
203 3411 333 3453 Gristi
362 3412 519 3468 fugere
550 3411 680 3455 docet
708 3413 765 3455 ob
793 3412 1021 3455 ordinibus
1049 3418 1100 3457 ut

173 3482 350 3512 veneno
381 3471 480 3513 301.

63 3582 66 3585 Δ
121 3550 171 3558 -
202 3527 332 3571 Cristi
360 3542 441 3584 per
475 3541 524 3571 se
561 3527 786 3572 sufficiens
823 3534 870 3572 et
898 3530 1099 3574 veritatis

173 3586 368 3629 decisiva
398 3589 497 3630 606.

888 396 1192 437 GENERAL
1223 397 1444 438 INDEX.

2081 405 2183 451 777

1201 541 1299 584 Lex
1316 541 1445 583 Cristi
1472 555 1500 583 a
1528 543 1711 596 prelatis
1731 545 2058 599 contempnitur
2087 547 2185 588 560.

1201 622 1255 628 —-
1289 597 1418 641 Gristi
1448 600 1560 642 falsa
1591 606 1636 642 et
1672 600 1946 643 insufficiens
1985 603 2042 644 ad
2072 604 2185 659 regi—

1259 670 1363 698 men
1393 658 1580 700 ecclesie
1613 660 1711 701 710.

1201 738 1255 743 -
1288 714 1419 757 cristi
1448 730 1529 770 per
1558 717 1755 771 privatas
1777 717 2078 760 fraternitates
2109 721 2187 760 mi-

1258 773 1410 815 nuitur
1441 775 1539 816 271.

1201 855 1255 861 —
1289 831 1418 874 Oristi
1447 846 1528 887 per
1557 833 1700 889 gildas
1729 834 1945 875 minuitur
1975 835 2073 877 271.

1200 913 1255 919 -
1289 889 1419 932 Cristi
1462 892 1650 947 precipit
1689 892 1908 948 aufugere
1963 906 1990 934 a
2044 894 2186 935 fratri-

1257 949 1339 991 bus
1382 951 1450 992 78.

1201 1031 1253 1035 -
1287 1007 1417 1050 Gristi
1436 1009 1592 1050 melior
1611 1010 1827 1066 religione
1848 1010 2064 1052 hodierna
2086 1011 2183 1052 139.

1200 1090 1253 1095 —-
1287 1065 1417 1109 Cristi
1447 1068 1567 1122 quod
1605 1069 1652 1109 in
1683 1069 1848 1124 Anglia
1887 1069 2185 1124 ewangelium

1256 1125 1508 1179 publicetur
1537 1127 1694 1169 fratres
1726 1127 1964 1169 abhorrent
1995 1128 2093 1170 255.

1199 1208 1252 1213 -
1286 1183 1415 1226 Oristi
1452 1185 1583 1227 hodie
1620 1199 1786 1241 paucos
1826 1186 2021 1228 fautores
2050 1186 2186 1228 habet

1197 1324 1250 1329 —
1285 1302 1518 1356 multiplex
1549 1301 1679 1344 Cristi
1709 1304 1814 1357 5733
1848 1304 1946 1345 592.

1198 1384 1250 1411 ἡ
1283 1360 1498 1402 anticristi
1528 1373 1556 1401 a
1585 1361 1767 1415 prelatis
1799 1362 2023 1403 exaltatur
2054 1364 2152 1404 560.

1197 1441 1249 1446 ——
1284 1415 1464 1471 dyaboli
1483 1419 1799 1461 hodie'multos
1821 1420 2016 1462 fautores
2048 1420 2183 1462 habet

1195 1559 1248 1564 -
1279 1535 1399 1577 iusta
1430 1537 1599 1592 obligat
1636 1542 1917 1592 peccatorem
1958 1543 2183 1592 contemp-

1254 1607 1360 1636 nere
1390 1594 1557 1637 habere
1587 1596 1819 1638 licenciam
1851 1597 1923 1638 dei
1955 1598 2062 1650 5063
2082 1598 2180 1639 507.

1199 1676 1245 1680 —
1282 1652 1449 1694 domini
1487 1659 1554 1696 est
1591 1668 1806 1710 suspensa
1844 1655 2090 1697 secundum
2119 1656 2183 1696 in-

1252 1712 1583 1755 troduccionem
1613 1714 1765 1769 legum
1794 1714 2022 1769 papalium
2053 1715 2152 1756 277.

1197 1793 1249 1798 —
1284 1770 1357 1811 dei
1402 1771 1447 1812 in
1494 1785 1762 1828 quacunque
1808 1786 1942 1814 causa
1995 1773 2184 1814 hominis

1253 1829 1352 1883 plus
1382 1830 1674 1885 ponderanda
1703 1844 1838 1887 quam
1860 1832 1949 1874 alia
1979 1832 2053 1874 lex
2087 1833 2183 1874 169.

1197 1911 1249 1916 —
1283 1888 1440 1930 melior
1469 1890 1654 1931 fratrum
1686 1893 1755 1932 96.

1193 1970 1249 1975 -
1281 1948 1557 2003 ewangelica
1601 1963 1681 1991 seu
1717 1949 1828 1991 fides
1866 1949 2025 2005 regula
2062 1955 2182 1991 secte

1252 2004 1381 2047 Oristi
1413 2008 1480 2048 22.

1195 2087 1245 2092 —
1281 2069 1440 2107 nature
1472 2066 1713 2108 abhoriens
1748 2067 1847 2109 167.

1193 2146 1245 2152 —
1268 2124 1459 2165 mosaica
1476 2125 1530 2166 de
1548 2125 1756 2180 conjugio
1773 2130 2063 2181 cognatorum
2083 2127 2180 2168 167.

1193 2205 1245 2210 -—
1280 2195 1398 2224 nova
1435 2184 1585 2238 gracie
1623 2184 1828 2225 humanis
1863 2184 2182 2226 tradicionibus

1252 2246 1412 2282 onusta
1444 2243 1513 2284 90.

1193 2322 1245 2327 -—
1281 2304 1326 2341 et
1357 2299 1524 2343 Cristus
1555 2306 1658 2343 sunt
1686 2301 1918 2343 individua
1949 2302 2048 2345 657.

1195 2382 1245 2386 -—
1280 2359 1494 2413 scripture
1533 2360 1770 2401 falsissima
1806 2360 1881 2402 lex
1927 2361 1973 2401 in
2016 2361 2181 2414 mundo

1193 2499 1245 2504 —
1279 2477 1555 2532 ewangelica
1575 2477 1701 2530 falsa,
1723 2483 1889 2534 negata
1910 2491 1937 2519 a
1957 2478 2183 2520 viantibus

1193 2617 1243 2622 —
1278 2593 1445 2648 duplex
1475 2594 1642 2635 domini
1672 2599 1718 2637 et
1747 2595 1934 2637 sathane
1965 2597 2064 2638 698.

1191 2675 1243 2680 -
1277 2652 1452 2708 legiferi
1483 2653 1618 2695 debet
1647 2654 1771 2695 laute
1803 2654 1930 2710 diligi
1961 2655 2060 2696 477.

1191 2734 1245 2739 —
1278 2711 1431 2753 divina
1460 2725 1636 2767 semper
1665 2713 1998 2768 augmentando
2029 2726 2181 2768 proce-

1249 2769 1313 2810 dit
1345 2771 1442 2812 562.

1190 2828 1316 2882 —gis
1345 2829 1509 2871 veteris
1530 2830 1781 2872 ceremonie
1813 2843 1986 2872 cessare
2018 2830 2183 2871 debent

1191 2969 1243 2974 —
1275 2946 1440 2988 veteris
1470 2946 1759 2988 observancie
1798 2960 1825 2988 a
1862 2947 1945 2988 deo
1977 2947 2180 2988 ordinate

1192 3086 1240 3092 —-
1277 3063 1569 3106 observancia
1603 3065 1672 3106 96.

1190 3144 1241 3151 —
1276 3121 1350 3164 dei
1378 3122 1545 3175 veritas
1575 3122 1731 3176 patula
1762 3126 1829 3163 est
1860 3123 1958 3164 354.

1192 3203 1241 3208 -
1275 3182 1439 3223 veteris
1469 3180 1684 3236 prophete
1716 3182 1815 3223 299.

1189 3239 1293 3295 —gi
1303 3239 1433 3281 Oristi
1450 3239 1668 3281 contrarie
1684 3239 1832 3281 facere
1849 3253 1938 3280 non
1947 3238 2071 3280 licuit
2079 3239 2179 3280 249.

1190 3320 1244 3326 -
1276 3298 1350 3340 dei
1385 3298 1521 3339 nichil
1556 3298 1946 3353 superaddendum
1976 3297 2051 3339 vel
2080 3298 2181 3339 sub-

1247 3356 1514 3398 trahendum
1547 3357 1643 3398 181.

1189 3438 1243 3444 —-
1277 3415 1407 3458 Cristi
1436 3416 1655 3457 contrarie
1685 3420 1789 3457 sunt
1819 3415 2061 3457 elemosine
2082 3428 2180 3471 per-

1247 3478 1381 3529 petue
1419 3475 1518 3516 245.

1188 3555 1242 3562 -—
1277 3532 1407 3575 Oristi
1435 3532 1629 3588 pharisei
1658 3532 1866 3574 contrarii
1901 3537 2004 3574 sunt
2035 3534 2133 3575 353.

1190 3614 1240 3619 -—
1277 3591 1350 3633 dei
1379 3596 1501 3634 secta
1530 3591 1716 3632 fratrum
1748 3596 1815 3633 est
1842 3590 2016 3633 odibilis
2050 3593 2147 3633 181.
