2528 4074
874 441 1178 482 GENERAL
1210 441 1431 481 INDEX.

132 590 288 631 Frater
321 586 556 642 participat
599 585 935 642 dispensacione
971 599 1112 639 symo—

188 646 315 687 niace
356 646 454 686 468.

52 720 73 735 ν
133 729 186 736 --
218 703 434 746 consentit
467 703 516 744 in
551 706 739 744 mortem
776 701 899 744 ducis
938 703 1111 744 Lanca-

117 3599 171 3606 —
202 3577 365 3619 multos
394 3581 640 3620 conventus
670 3578 866 3636 colligun

32 3628 46 3668 :¹
115 3657 170 3666 —
200 3635 248 3676 in
277 3648 412 3692 opere
442 3635 618 3678 scelesti
645 3637 735 3692 40.j

131 762 430 876 -Βέῗίἳ-ὶῖῗιῖῗὲ
450 818 710 875 suffragium
729 819 894 861 ordinis
908 819 1110 862 vendens

185 878 331 920 illudit
358 877 627 932 simplicibus
659 878 756 920 333.

25 942 56 989 ':{·
130 961 183 968 -—
213 950 402 992 puerum
430 935 570 978 filium
600 936 807 992 gehenne
837 937 944 979 facit
973 938 1072 979 469.

44 1000 51 1042 ,’
129 1019 183 1027 —-
215 994 344 1037 Oristi
371 994 501 1036 homo
535 996 632 1038 164.

38 1099 57 1108 „
130 1078 182 1085 —
212 1053 312 1109 plus
341 1057 462 1094 amat
481 1053 681 1096 ordinem
701 1067 835 1110 quam
851 1054 985 1096 deum
1006 1055 1106 1097 332.

37 1109 67 1164 ἔξ
128 1136 182 1143 --
211 1111 431 1153 lucrifacit
457 1126 595 1167 puero
626 1114 726 1156 469.

24 1167 67 1236 ’ὦ
129 1170 406 1271 -ᾶζεῗθὸχὲἰῂ
442 1183 595 1213 omnes
631 1171 909 1214 infirmitates
948 1184 1108 1238 sanan-

23 1267 67 1319 ⁴7⁴¹
126 1287 239 1330 —tri
251 1287 540 1342 impertinens
554 1288 733 1330 habitus
749 1288 988 1344 corporalis
1004 1290 1104 1332 453.

126 1350 293 1388 -trem
322 1360 451 1388 suum
496 1346 683 1403 diligere
718 1346 863 1389 debet
906 1348 1108 1402 quelibet

179 1417 369 1460 persona
399 1405 497 1447 242.

125 1468 270 1505 —tres
300 1463 478 1518 spiritus
508 1464 665 1506 erroris
696 1465 765 1507 35.

19 1570 22 1579 ,
58 1547 71 1578 J
101 1545 177 1570 ‚-
208 1526 312 1563 sunt
339 1523 538 1577 ypocrite
568 1523 668 1565 469.

11 1586 19 1604 '·
70 1587 71 1590 ’
123 1604 176 1611 -
207 1586 457 1637 aggregant
485 1581 569 1623 sibi
599 1581 782 1637 globum
812 1583 912 1624 468.

56 1687 63 1694 ἒ
122 1663 173 1670 -
206 1639 386 1681 horrent
412 1640 564 1682 vocari
581 1641 782 1696 ypocrite
803 1641 851 1682 in
873 1642 1106 1696 presencia

174 1698 378 1753 populari
410 1699 463 1741 16

64 1804 69 1813 .
120 1780 173 1788 ——
204 1761 422 1798 vocantur
450 1770 479 1799 a
507 1758 649 1800 Paulo
681 1757 890 1800 demonia
921 1759 991 1801 16.

67 1850 70 1856 .
122 1838 174 1846 —
204 1814 467 1858 habundant
501 1816 549 1858 in
586 1822 772 1877 argento
804 1830 912 1859 auro
953 1822 998 1860 et
1028 1830 1103 1859 ve-

175 1874 314 1916 stibus
344 1875 414 1916 21.

46 1912 75 1986 ¹,-
119 1956 172 1964 —
203 1932 434 1975 hortantur
463 1934 521 1975 ad
549 1947 749 1990 pugnam
782 1936 850 1977 19.

57 2008 67 2050 ᾗ
119 2016 172 2022 -
203 2005 295 2033 non
338 1992 493 2034 mundi
535 2005 564 2035 a
598 1993 828 2050 sangwine
874 1994 1101 2035 cristiano-

173 2064 271 2092 rum
304 2051 371 2093 18.

11 2123 17 2134 ·-
118 2131 172 2140 —-
203 2109 421 2152 cristianis
451 2111 625 2152 onerosi
653 2111 701 2152 in
738 2111 866 2153 bonis
902 2123 1103 2167 corpora-

173 2167 288 2209 libus
321 2169 389 2211 18.

65 2233 67 2239 ·
118 2249 171 2255 -
202 2227 378 2269 onerosi
404 2227 570 2283 populo
602 2228 913 2270 elemosinanti
944 2229 1012 2271 20.

171 2521 405 2576 ypocritas,
446 2522 706 2576 anticristos,
759 2522 973 2577 dyabolos
1025 2528 1103 2565 aut

173 2579 323 2634 aliquo
350 2581 531 2623 nomine
561 2581 664 2623 ficto
694 2595 787 2624 non
816 2582 940 2624 valet
973 2583 1040 2625 13.

115 2659 171 2667 —
202 2638 395 2693 spoliant
423 2640 732 2682 fraudulenter
761 2653 929 2697 egenos
959 2642 1030 2683 40.

116 2718 171 2726 —
200 2696 465 2740 habundant
492 2698 642 2741 furata
669 2700 863 2754 pecunia
893 2701 963 2742 39.

117 2778 170 2784 —
202 2755 483 2799 intraverunt
510 2762 710 2813 tempore
739 2758 998 2800 Innocencii
1018 2759 1100 2800 III.

173 2814 275 2858 623.

0 2926 2 2931 Ι
66 2918 70 2919 ⁷
116 2896 170 2903 -
203 2887 296 2915 non
323 2873 499 2929 pacifici
527 2875 598 2917 40.

67 2935 70 2940 '
118 2954 170 2961 —
203 2936 357 2974 contra
375 2933 609 2975 caritatem
628 2937 734 2975 sunt
755 2946 802 2975 se
816 2934 934 2989 ipsos
950 2947 1103 2976 aman-

173 2995 241 3033 tes
272 2992 342 3034 38.

59 3066 62 3069 ·
118 3070 172 3078 —
204 3054 397 3105 querunt
425 3050 544 3092 bona
573 3050 729 3092 mundi
761 3052 830 3094 39.

116 3129 172 3137 —
203 3108 379 3150 scelesti
409 3110 477 3151 39.

119 3187 168 3195 —
203 3166 396 3222 spoliant
411 3180 632 3223 pauperes
652 3181 896 3225 regnorum
917 3169 972 3212 de
993 3175 1103 3212 tem-

173 3225 399 3280 poralibus
430 3227 498 3269 39.

0 3277 21 3338 :⁵
59 3345 62 3351 Ι
117 3305 171 3312 -—
203 3289 464 3327 construunt
483 3285 636 3328 domos
657 3286 772 3327 altas
801 3290 846 3328 et
875 3291 1102 3342 sumptuo-

173 3355 244 3384 sas
275 3343 345 3385 39.

51 3421 55 3429 ·
116 3425 170 3432 —
200 3401 321 3443 bella
348 3406 587 3456 procurant
615 3403 687 3445 40.

61 3511 63 3514 .
117 3481 170 3488 —
200 3460 408 3502 nesciunt
449 3461 703 3504 meminisse
747 3463 985 3504 verborum
1027 3463 1101 3505 do-

172 3518 280 3559 mini
309 3519 380 3561 45.

866 3583 886 3621 t
916 3580 985 3622 39.

2081 449 2183 497 763

1200 585 1380 626 Fratres
1411 585 1576 626 mundo
1607 585 1767 627 divites
1797 588 1868 629 45.

1202 666 1256 672 -
1288 655 1463 697 semper
1493 643 1712 685 discentes
1748 645 1818 686 44.

1198 725 1258 732 —
1286 714 1531 756 numquam
1581 701 1639 743 ad
1689 702 1926 744 scienciam
1984 705 2184 748 veritatis

1255 759 1525 813 perveniunt
1552 762 1622 802 45.

1199 840 1256 846 -
1287 817 1416 859 multi
1450 818 1688 860 intrinsece
1725 823 1771 860 et
1806 819 2053 861 extrinsece
2082 834 2183 876 pec-

1257 881 1411 918 cantes
1441 876 1488 917 in
1518 877 1636 931 ipsos
1666 877 1737 919 47.

1198 957 1252 965 —
1285 948 1377 976 non
1405 940 1509 977 sunt
1537 936 1738 977 homines
1768 936 1876 992 legii
1908 937 2005 979 105.

1199 1017 1253 1022 —
1286 993 1525 1035 abhorrent
1553 994 1601 1035 in
1629 994 1786 1036 habitu
1815 995 1979 1037 variari
2010 996 2080 1038 28.

1198 1074 1253 1082 -
1284 1052 1395 1093 nihil
1442 1058 1628 1108 prosunt
1676 1053 1723 1094 in
1768 1053 1952 1096 edificiis
1999 1059 2044 1096 et
2088 1059 2184 1097 arte

1256 1111 1477 1153 mendacii
1513 1113 1582 1154 29.

1201 1192 1250 1199 -
1285 1170 1402 1211 circa
1431 1169 1567 1212 fidem
1596 1171 1776 1225 reprobi
1810 1172 1879 1213 45.

1197 1251 1252 1258 -
1288 1229 1498 1270 continue
1530 1229 1684 1270 discoli
1713 1230 1783 1272 45.

1197 1309 1252 1315 -
1282 1287 1503 1328 fabricant
1533 1288 1679 1343 glosas
1716 1290 1786 1330 45.

1197 1368 1251 1374 —
1282 1345 1349 1386 rei
1379 1346 1619 1401 sangwinis
1649 1347 1793 1401 plebis
1826 1349 1893 1389 19.

1197 1425 1252 1433 —
1284 1405 1575 1446 consenciunt
1604 1406 1804 1461 opposito
1835 1405 1941 1447 fidei
1973 1408 2041 1448 94.

1195 1486 1250 1492 —
1284 1462 1391 1504 elati
1422 1465 1491 1505 39.

1195 1544 1249 1550 —
1279 1521 1389 1577 legii
1418 1521 1619 1564 homines
1639 1536 1796 1578 regum
1817 1527 1934 1564 terre
1958 1523 2063 1578 1033
2084 1525 2180 1566 104.

1201 1603 1248 1609 —
1282 1581 1479 1636 exempti
1509 1581 1565 1622 de
1600 1581 1790 1623 veritate
1821 1581 2050 1623 mundana
2083 1583 2180 1625 103.

1194 1661 1247 1667 —
1282 1639 1472 1693 subjecti
1501 1639 1677 1695 legibus
1706 1640 1825 1696 regis
1859 1641 1955 1683 104.

1194 1720 1247 1727 —
1281 1698 1362 1739 sub
1392 1711 1512 1753 papa
1547 1701 1641 1741 103.

1195 1779 1248 1785 -
1279 1756 1326 1797 in
1355 1757 1521 1813 Anglia
1554 1758 1651 1800 103.

1196 1838 1250 1844 —-
1283 1816 1580 1870 compellendi
1617 1817 1718 1859 102.

1194 1897 1247 1902 -
1279 1873 1475 1929 hospites
1504 1880 1623 1917 terre
1658 1876 1754 1917 103.

1195 1956 1249 1962 —
1280 1933 1538 1976 intricantes
1569 1934 1803 1976 ecclesiam
1835 1936 1904 1976 94.

1194 2014 1249 2020 —
1283 1991 1339 2033 de
1369 2005 1482 2047 pura
1512 1997 1634 2034 secta
1666 1993 1796 2035 Oristi
1829 1994 1925 2036 100.

1193 2072 1249 2079 -—
1281 2050 1594 2093 seduccionem
1623 2052 1895 2094 invenerunt
1935 2054 2004 2095 95.

1195 2132 1250 2138 —
1283 2111 1491 2151 contrarii
1522 2110 1687 2152 Occam
1720 2112 1789 2153 95.

1194 2190 1248 2197 —-
1281 2169 1508 2210 maledicti
1537 2182 1564 2210 a
1595 2169 1772 2212 domino
1803 2172 1871 2213 95.

1194 2250 1248 2256 -
1281 2228 1484 2269 excusari
1512 2242 1603 2270 non
1632 2234 1818 2283 possunt
1849 2231 1918 2272 95.

0 2334 3 2335 ⁷
59 2295 67 2306 ”
119 2307 168 2316 -
201 2285 470 2341 participant
497 2284 619 2328 lucro
652 2287 798 2329 furato
829 2288 899 2330 20.
1099 2311 1115 2329 ψ
1193 2309 1247 2315 -—
1294 2299 1462 2343 negare
1506 2301 1598 2329 non
1641 2293 1829 2343 possunt
1866 2288 2001 2330 fidem
2050 2289 2181 2344 scrip-

4 2359 7 2370 ¹
116 2367 170 2374 —-
201 2344 534 2401 subterfugiunt
563 2345 711 2388 dicere
744 2346 910 2402 populo
940 2347 1103 2388 verita·
1249 2349 1349 2386 ture
1375 2347 1444 2388 95.

66 2410 73 2411 ’
172 2407 264 2445 tem
293 2403 557 2446 catholicam
589 2406 657 2447 19.
1002 2403 1005 2406 ’
1193 2425 1247 2433 ·-
1278 2405 1580 2446 necessarium
1617 2405 1830 2448 iuvamen
1875 2406 2063 2449 ecclesie
2100 2406 2181 2448 fin—

119 2484 170 2491 —
202 2474 364 2504 vocare
394 2462 528 2505 falsos
557 2463 728 2512 fratres,
755 2463 1100 2519 pseudofratres,
1251 2467 1365 2518 gunt
1396 2465 1465 2506 90.

1193 2545 1247 2550 -—
1278 2535 1360 2576 per
1390 2522 1632 2576 dyabolum
1661 2523 1902 2565 introducti
1933 2524 2002 2566 91.

1193 2603 1246 2609 —-
1278 2594 1370 2622 non
1399 2586 1585 2636 prosunt
1615 2582 1802 2625 ecclesie
1835 2584 1904 2625 93.

1197 2663 1247 2668 —
1279 2652 1327 2680 se
1357 2640 1635 2696 redarguunt
1665 2643 1734 2683 95.

1192 2721 1247 2727 —
1280 2698 1471 2753 spoliant
1499 2700 1764 2755 temporalia
1793 2713 1820 2741 a
1849 2700 1950 2755 plus
1974 2701 2179 2757 pauperi-

1250 2757 1333 2798 bus
1366 2758 1464 2800 194.

1192 2839 1247 2845 —
1280 2820 1406 2858 extra
1455 2830 1580 2872 spem
1629 2817 1847 2860 redeundi
1897 2817 1956 2860 ad
2009 2823 2178 2861 sectam

1252 2874 1380 2916 Cristi
1414 2877 1482 2917 73.

1192 2956 1246 2963 —
1278 2938 1439 2989 putant
1468 2935 1562 2976 ceci
1606 2948 1654 2977 se
1693 2940 1894 2991 prestare
1933 2935 2016 2978 deo
2055 2936 2180 2978 obse-

1249 2993 1404 3047 quium
1441 2994 1509 3036 71.

1193 3074 1242 3080 -
1278 3052 1471 3106 spoliant
1500 3053 1596 3095 sine
1625 3053 1783 3094 timore
1817 3053 1885 3095 71.

1120 3116 1122 3118 ’
1192 3132 1246 3139 -
1277 3111 1574 3153 claustraliter
1602 3125 1693 3153 non
1722 3112 1928 3154 viventes
1959 3113 2028 3154 93.

1193 3192 1243 3198 -
1279 3170 1467 3212 ecclesie
1498 3171 1672 3212 onerosi
1704 3172 1773 3212 93.

1191 3251 1246 3257 —
1277 3228 1584 3270 mendicantes
1614 3229 1711 3271 sani
1742 3234 1846 3271 sunt
1878 3230 1976 3272 190.

1191 3309 1245 3315 —
1277 3287 1453 3329 caritati
1483 3288 1668 3330 obviant
1698 3289 1767 3330 58.

1188 3369 1245 3375 —
1277 3347 1457 3402 gravius
1487 3348 1649 3388 mortui
1679 3346 1828 3402 quoad
1858 3347 1994 3389 deum
2025 3348 2094 3390 73.

1189 3428 1244 3434 —
1275 3410 1605 3447 remurmurant
1634 3411 1790 3447 contra
1817 3406 1951 3448 deum
1990 3408 2059 3449 53.

1195 3487 1244 3492 --
1277 3478 1362 3506 nec
1392 3464 1527 3505 deum
1556 3478 1641 3506 nec
1670 3464 1896 3507 hominem
1915 3466 2076 3507 timent
2108 3466 2176 3507 71.

1187 3545 1245 3553 -
1276 3528 1380 3565 sunt
1411 3524 1570 3564 armati
1599 3524 1732 3565 armis
1761 3524 1974 3579 ypocrisis
2007 3525 2075 3567 71.

1194 3605 1245 3610 —
1279 3581 1519 3637 deturpant
1549 3582 1738 3623 feminas
1769 3584 1837 3624 36.

1190 3663 1245 3670 -
1276 3641 1324 3681 in
1354 3641 1532 3682 domino
1563 3646 1667 3683 sunt
1697 3655 1849 3684 omnes
1880 3641 2076 3684 cristiani
2107 3642 2176 3688 37,
