2528 4074
113 2810 127 2852 Ι]
145 2809 218 2841 Αεὴ
226 2810 295 2850 sol.
313 2812 378 2841 440⁵

394 358 495 405 700
1093 351 1411 392 JoHANNJS
1449 351 1681 398 WJOLIE
2186 345 2296 404 [cap.
2326 350 2390 391 11
2427 337 2434 356 ”
2485 336 2487 338 ’

537 497 776 548 Secunda
812 514 929 563 pars
967 498 1102 548 scole
1154 495 1362 561 dyaboli
1403 495 1681 545 introducit
1723 494 1911 543 multas
1946 494 2086 557 leges
2122 491 2384 544 abscondi-

395 592 488 644 tas,
528 584 630 647 legi
669 583 859 632 domini
897 590 1254 648 repugnantes,
1296 581 1576 634 cuiusmodi
1602 587 1720 651 sunt
1752 579 2102 645 nigromancia
2138 578 2384 643 etphilo-

392 669 610 729 mancia,
651 685 776 735 quas
813 669 998 718 dicitur
1034 669 1184 718 hodie
1223 684 1330 717 esse
1368 684 1399 716 a
1434 666 1675 716 fratribus
1709 666 2039 716 introductas.

536 768 606 818 Et
644 769 827 818 dicitur
862 768 1211 832 nigromancia
1249 784 1279 816 a
1316 767 1508 830 nigros,
1549 767 1684 832 quod
1721 772 1796 816 est
1831 773 2108 826 mortuum,
2159 771 2210 815 et
2244 781 2384 816 man·
2435 766 2438 767 ⁷

394 856 495 914 cia,
537 855 670 920 quod
708 861 784 903 est
829 854 1068 912 sciencia,
1125 853 1243 918 quia
1281 852 1500 902 sciencia
1552 852 1615 901 de
1662 853 1873 901 mortuis
1910 852 2168 911 suscitata,
2217 851 2383 914 modo,
2490 855 2513 931 ’ἶ

394 958 491 1006 quo
530 940 716 989 dicitur
751 939 778 988 I
804 939 930 1002 Reg.
962 941 1062 988 280⁶
1100 939 1357 1004 quandam
1395 938 1728 1002 phitonissam
1767 937 1911 987 Sauli
1942 937 2210 987 suscitasse
2246 937 2387 1002 spiri÷
2437 1010 2439 1014 Α

391 1034 499 1075 tum
540 1025 806 1075 Samuelis.
881 1024 990 1073 Nec
1030 1023 1263 1084 dubium,
1302 1031 1358 1073 ut
1395 1024 1545 1073 docet
1580 1022 1922 1088 Augustinus,
1971 1022 2093 1089 quin
2137 1022 2388 1090 dyabolus
2420 1083 2426 1091 Χ

391 1112 473 1161 hic
511 1111 785 1176 respondit.
841 1110 911 1160 Et
946 1110 1055 1174 ipse
1093 1117 1169 1159 est
1204 1110 1397 1174 primus
1435 1117 1662 1159 mortuus
1696 1109 1914 1174 spiritus.
1978 1108 2050 1159 Et
2084 1109 2200 1159 ideo
2236 1109 2434 1163 istam
2484 1147 2490 1149 -

392 1204 552 1247 artem
589 1196 1012 1261 nigromanticam
1050 1196 1329 1246 secundum
1368 1195 1624 1261 quandam
1669 1194 2035 1244 excellenciam
2071 1194 2258 1245 dicitur
2292 1194 2388 1246 sibi

391 1283 677 1334 vendicare.
1847 1276 1849 1278 ’
2414 1272 2418 1275 ’

534 1382 738 1432 Dicitur
775 1389 945 1432 autem
983 1382 1329 1447 philomancia
1355 1399 1386 1431 a
1410 1381 1591 1447 philos,
1632 1381 1766 1446 quod
1793 1387 1868 1430 est
1893 1397 2049 1441 amor,
2091 1387 2142 1431 et
2169 1381 2387 1444 mancia,

393 1469 535 1535 quasi
573 1469 793 1518 sciencia
830 1486 1053 1518 amorem
1092 1469 1317 1517 mulieris
1343 1468 1425 1518 vel
1450 1468 1545 1518 viri
1570 1467 1747 1516 illicite
1773 1467 2083 1533 acquirendi.
2146 1466 2217 1517 Et
2239 1467 2389 1518 istam

393 1555 664 1604 scienciam
705 1554 890 1603 dicitur
925 1554 1108 1604 fratres
1146 1554 1496 1618 multipliciter
1533 1553 1828 1617 practizare.

534 1655 642 1704 Nec
682 1644 908 1715 dubium,
947 1655 1070 1721 quin
1108 1654 1334 1721 quelibet
1368 1653 1485 1703 talis
1524 1670 1605 1703 ars
1650 1652 1921 1719 dyabolica
1959 1654 2196 1703 diminuit
2230 1655 2391 1705 viato-
2418 1667 2425 1710 ,⁴
2508 1633 2524 1724 ἵε.

392 1740 530 1790 ribus
567 1740 808 1790 noticiam
847 1740 1018 1790 divine
1057 1741 1288 1800 sciencie,
1330 1747 1381 1789 et
1417 1741 1488 1789 sic
1526 1746 1694 1804 potest
1731 1740 2088 1801 dicifsciencia
2126 1741 2388 1799 anticristi.
2410 1722 2433 1792 ⁷⁵¹³
2508 1720 2526 1771 ’ξι

391 1826 462 1875 Et
499 1827 629 1875 sicut
666 1826 917 1891 dyabolus
970 1833 1047 1876 est
1082 1827 1242 1877 falsus
1278 1827 1425 1875 iuxta
1477 1826 1614 1876 dicta
1650 1826 1704 1875 in
1741 1826 2012 1891 principio,
2068 1826 2139 1877 sic
2185 1845 2391 1878 necesse
2429 1823 2433 1826 ’
2513 1844 2526 1866 ²¹

393 1919 481 1972 est,
520 1913 669 1961 istam
708 1911 1029 1977 dyabolicam
1068 1913 1339 1963 scienciam
1379 1929 1486 1962 esse
1522 1911 1722 1961 falsam.
1796 1912 1974 1962 Potest
2002 1918 2175 1962 autem
2201 1913 2411 1980 dyaboe.

391 1998 470 2048 lus
507 1998 662 2047 semel
701 1998 783 2048 vel
822 1998 1132 2064 aliquociens
1171 1999 1338 2048 dicere
1377 1998 1480 2048 suis
1519 1998 1778 2063 discipulis
1816 1990 2101 2058 veritatem,
2151 2005 2208 2048 ut
2244 1998 2391 2054 sedu·
2427 2036 2433 2044 s
2516 2010 2521 2063 j

393 2091 477 2133 cat
514 2102 597 2134 eos
636 2084 886 2150 copiosius
922 2085 1246 2149 postmodum
1283 2085 1397 2150 plus
1435 2085 1631 2135 nocive.

535 2183 607 2232 Et
660 2185 982 2234 extendendo
1032 2203 1218 2235 nomen
1270 2185 1618 2250 nigromancie
1670 2192 1838 2250 potest
1883 2184 2110 2252 quelibet
2145 2201 2228 2236 ars
2261 2159 2424 2243 falsa

392 2269 476 2319 vel
527 2287 630 2318 non
680 2270 899 2320 fundata
949 2271 1003 2320 in
1069 2271 1184 2336 lege
1252 2272 1443 2321 domini
1509 2288 1590 2321 ars
1655 2272 2029 2336 nigromantica
2087 2272 2220 2324 bene
2277 2273 2394 2338 dici.
2434 2278 2438 2279 ⁷
2522 2256 2525 2266 ἱ

394 2354 466 2403 Et
502 2355 572 2404 sic
610 2341 1128 2421 pseudopredicantes
1179 2357 1263 2408 vel
1299 2358 1640 2422 practizantes
1691 2358 1744 2407 in
1795 2357 1910 2422 lege
1953 2359 2128 2424 papali
2172 2358 2257 2410 vel
2293 2358 2422 2422 alia„

395 2440 510 2504 lege
547 2440 831 2502 hominum,
886 2443 939 2491 in
984 2443 1098 2508 lege
1137 2443 1328 2493 domini
1364 2460 1466 2492 non
1504 2442 1744 2504 fundata,
1792 2450 2006 2508 possunt
2041 2444 2414 2509 nigromantici,

396 2542 516 2575 vere
555 2527 670 2586 dici,
712 2528 830 2592 quia
869 2546 1042 2579 omnes
1079 2530 1156 2579 illi
1189 2530 1393 2579 discunt
1429 2536 1480 2579 et
1515 2529 1802 2595 practizant
1836 2529 2004 2593 legem
2039 2537 2295 2580 mortuam
2331 2547 2422 2586 ex,

397 2611 640 2662 instinctu
678 2613 900 2678 dyaboli.
977 2614 1048 2665 Et
1083 2622 1247 2680 patet,
1304 2616 1555 2682 quomodo
1600 2615 1749 2665 multi
1788 2615 2146 2680 nigromantici
2183 2622 2235 2667 et
2270 2612 2403 2667 anti--

399 2697 534 2747 cristi
575 2697 810 2763 discipuli
847 2707 966 2750 sunt
1000 2701 1053 2750 in
1091 2702 1297 2751 mundo.

543 2797 646 2848 Sed
684 2798 830 2859 absit,
871 2800 1148 2866 dyabolum
1200 2808 1251 2851 et
1300 2800 1530 2851 membra
1567 2818 1659 2851 sua
1697 2802 1764 2852 ad
1790 2807 1810 2860 ΙΙ
1836 2808 2036 2852 tantum
2074 2808 2253 2853 contra
2289 2771 2424 2866 Oris:

400 2890 554 2944 stum,
610 2884 696 2950 qui
734 2892 809 2935 est
844 2903 994 2936 verus
1033 2887 1288 2948 dominus,
1338 2887 1627 2952 prevalere,
1683 2888 1819 2954 quod
1854 2888 2015 2940 faciat
2051 2888 2280 2956 comburi
2317 2905 2397 2947 co-=

401 2970 539 3019 dices
577 2970 640 3019 de
676 2970 791 3035 lege
829 2970 1020 3021 domini
1058 2980 1109 3022 et
1132 2972 1225 3023 has
1251 2980 1386 3023 artes
1413 2973 1622 3039 dyaboli
1646 2974 1952 3039 prepollere!
2002 2974 2219 3039 Lingwa
2243 2973 2395 3036 enim,
2422 3022 2428 3028 .

401 3056 507 3106 sive
543 3055 747 3116 hebrea,
789 3057 894 3107 sive
932 3074 1100 3122 greca,
1141 3059 1247 3109 sive
1283 3059 1459 3120 latina,
1500 3060 1606 3110 sive
1639 3060 1858 3124 anglica,
1899 3067 1975 3110 est
2011 3060 2156 3126 quasi
2191 3059 2435 3119 habitus*

399 3140 526 3206 legis
565 3141 770 3191 domini.
845 3141 916 3191 Et
966 3160 1057 3208 per
1109 3161 1460 3212 quemcunque
1510 3146 1666 3195 talem
1712 3145 1944 3196 habitum
1991 3145 2108 3196 eius
2137 3145 2397 3197 sentencia
2435 3134 2439 3139 ¹
2514 3138 2516 3142 ὗ

400 3227 564 3291 magis
602 3226 721 3276 vere
759 3229 1079 3292 cognoscitur
1117 3247 1147 3279 a
1183 3231 1343 3292 fideli,
1392 3233 1501 3296 ipse
1545 3238 1622 3281 est
1667 3232 1830 3281 codex
1866 3231 1982 3296 plus
2019 3229 2399 3306 racionabiliten

402 3313 761 3377 acceptandus.
835 3314 1052 3379 Lingwa
1103 3316 1238 3365 enim
1288 3323 1395 3366 tam
1445 3319 1499 3368 in
1542 3319 1627 3370 via
1671 3335 1822 3384 quam
1867 3318 2035 3382 patria
2070 3334 2102 3367 a
2138 3315 2399 3369 sentencia
2526 3365 2528 3369 ,

764 3503 890 3542 οΑΡ.
923 3503 992 3542 II.
1051 3504 1070 3522 a
1102 3503 1173 3554 op.
1206 3502 1239 3540 I
1265 3501 1379 3542 Sam.
1409 3493 1478 3547 98,
1510 3504 1562 3541 12
1583 3501 1633 3557 ff.
