2528 4074
364 348 463 396 728
1085 343 1382 384 GENERAL
1411 343 1628 384 INDEX.

358 486 589 527 Armatura
608 486 822 527 exercitus
845 485 915 526 dei
934 489 1035 526 sunt
1053 498 1131 527 sex
1150 499 1316 542 genera
1397 484 1560 526 Auctor
1596 490 1806 540 tanquam
1841 486 2064 540 pereticus
2102 491 2388 546 perum

414 544 623 585 virtutum
653 543 748 584 323.
1457 543 1554 583 678.

360 623 412 631 —
444 601 658 642 exercitus
687 600 863 653 dyaboli
893 600 989 641 324.
1400 620 1454 630 -
1483 603 1657 647 tenetur
1693 613 1747 641 ex
1774 600 1874 655 lege
1904 599 1976 642 dei
2002 601 2227 656 publicare
2247 612 2402 654 ιω

361 671 493 699 —ure
522 657 763 712 theologice
795 658 892 698 599.
1454 657 1699 698 sentencias
1729 659 1825 699 671.
2399 674 2405 687 2

357 714 564 756 Armonia
592 714 740 756 debita
768 713 949 755 ecclesie
982 714 1076 755 145.
1400 735 1453 741 —
1484 713 1559 754 wlt
1586 726 1790 769 revocare
1819 715 1856 755 si
1870 714 2022 756 doctus
2036 728 2092 757 ex
2111 714 2403 771 ewangelio

357 772 402 811 in
436 794 490 801 -
520 771 627 812 deus
655 771 863 836 disposuit
890 770 1120 811 ecclesiam
1151 771 1246 813 145.
1455 770 1552 811 671.

356 828 437 869 Ars
471 828 788 883 nigromantica
822 827 1033 881 plurimos
1056 827 1224 869 seducit
1266 828 1312 868 in
1399 847 1453 855 —-
1483 826 1616 868 habet
1643 841 1770 869 suum
1798 829 2083 883 prepositum
2094 829 2163 872 79.

413 885 598 927 ecclesia
626 885 840 926 militante
872 885 967 925 701.
1176 907 1181 913 «
1398 905 1451 911 -
1482 884 1691 937 scripture
1723 885 1830 926 deus
1861 887 1928 927 80.

358 948 502 984 -tem
521 943 712 983 virtuose
730 940 956 996 pugnandi
973 941 1130 994 prelati
1149 911 1312 983 habent
1401 961 1449 968 —
1481 941 1610 981 realis
1639 941 1746 982 deus
1776 947 1842 983 est
1871 944 1967 984 343.
2014 959 2021 964 “
2148 984 2150 986 .
2304 971 2358 976 --u
2480 971 2489 1015 >3

413 994 509 1040 629.
1399 1018 1450 1024 —
1481 997 1614 1038 intrat
1641 998 1687 1038 in
1715 998 1885 1040 labores
1914 999 2101 1043 aliorum
2126 1001 2201 1043 92..
2308 1029 2366 1034 -<--
2481 1013 2484 1017 ’

356 1061 477 1097 -108
497 1055 773 1096 confederate
803 1066 830 1095 a
857 1053 1018 1108 populo
1049 1054 1310 1096 destruende
1397 1075 1450 1082 —·
1480 1055 1656 1095 veritati
1684 1054 1906 1097 humiliter
1933 1057 2160 1100 consentit
2178 1058 2267 1100 76.-
2305 1084 2359 1090 ---
2396 1085 2403 1110 5
2482 1033 2490 1097 l

411 1118 511 1154 sunt
540 1113 636 1153 229.
907 1147 913 1152 .
1397 1132 1451 1138 -
1481 1111 1664 1164 quiescit
1699 1113 1922 1166 opinative
1959 1113 2007 1155 in
2039 1126 2172 1157 8011811
2205 1114 2402 1156 031110--

356 1192 408 1198 -
452 1169 728 1210 confederate
785 1181 881 1209 sese
945 1169 1163 1222 reciproce
1221 1182 1311 1210 non
1451 1167 1535 1209 lico
1567 1170 1635 1212 75.

410 1231 606 1267 amantes
636 1227 732 1267 229.
1395 1245 1450 1252 -
1481 1225 1572 1280 3811
1620 1226 1674 1267 (10
1721 1227 1935 1280 passione,
1978 1239 2113 1281 quam
2139 1199 2410 1289 dyabolus

356 1305 407 1312 —
438 1283 615 1336 dyaboli
643 1284 739 1324 367.
1450 1282 1568 1323 facit
1598 1283 1737 1324 ordini
1779 1288 1824 1324 et
1865 1284 2171 1350 temptatione,
2221 1297 2361 1339 quam

354 1363 406 1369 —
438 1340 664 1393 dyabolice
694 1339 940 1380 diminuunt
966 1340 1205 1382 viatoribus
1234 1355 1308 1382 no·
1450 1339 1554 1380 facit
1581 1341 1862 1381 commoranti
1888 1341 1935 1381 in
1963 1341 2126 1383 mundo
2155 1342 2226 1385 58.

407 1398 555 1439 ticiam
583 1397 730 1438 divine
758 1397 944 1438 sciencie
975 1399 1071 1439 700.
1395 1417 1447 1424 ——
1479 1396 1681 1438 describit
1707 1398 1904 1452 requiem
1932 1399 2179 1440 aminarum
2206 1399 2302 1443 146.
2314 1423 2363 1432 a«
2388 1415 2389 1420 ’

353 1478 406 1484 -
437 1455 710 1496 11100113111038
739 1454 903 1495 discere
933 1467 1051 1495 error
1079 1460 1145 1496 est
1174 1457 1270 1497 209.
1394 1475 1448 1482 -—
1479 1454 1636 1495 citatus
1656 1455 1713 1495 ad
1733 1455 1896 1496 curiam
1914 1456 2099 1499 Romam
2117 1456 2403 1537 11011ροοῧ
2486 1454 2495 1518 ᾖ

353 1513 523 1553 —tibus
565 1512 766 1553 humanis
820 1511 1021 1552 monachi
1075 1513 1309 1554 intendunt
1451 1512 1550 1552 556.
2309 1540 2373 1550 ψ-
2392 1538 2395 1543 >
2487 1527 2495 1551 ι

408 1571 504 1611 220.
1393 1589 1446 1596 -
1479 1567 1595 1608 domi
1629 1582 1847 1610 summum
1887 1569 2139 1624 pontificem
2166 1570 2405 1619 Oristm
2494 1585 2495 1588 ’

351 1640 406 1668 ex
436 1649 489 1656 —-
519 1625 806 1667 confederatis
839 1625 1036 1667 oriuntur
1075 1640 1223 1682 pugne
1264 1633 1308 1669 et
1449 1625 1573 1679 eligit
1602 1627 1698 1668 556.

406 1683 523 1725 bella
552 1684 648 1724 229.
1392 1704 1446 1710 —
1476 1681 1609 1724 habet
1637 1684 1909 1726 voluntatem
1945 1667 2187 1729 laborandi
2206 1685 2254 1728 in
2276 1684 2390 1730 det

349 1741 455 1782 Arta
482 1741 555 1781 via
584 1740 640 1781 ad
669 1740 811 1781 celum
843 1740 938 1781 133.
1448 1740 1632 1781 servicio
1664 1742 1760 1783 708.

348 1798 566 1839 Articulus
596 1797 742 1839 mortis
775 1798 869 1839 145.
1392 1818 1443 1824 —
1478 1797 1611 1852 elegit
1638 1798 1760 1838 illam
1794 1803 1965 1852 partem
1993 1798 2179 1843 ecclesie
2207 1810 2385 1854 qum

347 1861 569 1910 tamquam
614 1855 734 1895 —uli
794 1854 898 1896 fidei
946 1867 1110 1897 errores
1164 1857 1304 1910 patuli
1447 1853 1646 1896 dominus
1675 1857 1942 1913 approbavit
1962 1857 2059 1899 708.
2309 1859 2378 1907 -οέἑ

405 1913 639 1954 creduntur
668 1913 765 1953 260.
1391 1932 1444 1938 —
1476 1917 1571 1952 orat
1600 1912 1731 1954 deum
1762 1918 1807 1954 et
1834 1917 2006 1955 sanctos
2037 1914 2132 1957 138.
2375 1918 2391 1924 ’“

350 1970 468 2011 -108
497 1983 633 2010 110νο8
661 1968 764 2010 fidei
792 1975 984 2012 scrutare
1015 1972 1111 2012 618.
1392 1990 1446 1996 —
1490 1969 1684 2011 declarat
1729 1971 1864 2012 alium
1907 1975 2025 2012 secte
2068 1969 2263 2014 secunde
2303 1965 2375 2014 in-

346 2027 606 2068 Artificiales
635 2026 691 2067 ad
721 2040 829 2068 onus
860 2028 1042 2069 ecclesie
1073 2030 1168 2070 555.
1447 2025 1578 2066 deum
1610 2028 1704 2068 131.
2310 2056 2363 2070 «-
2385 2066 2394 2074 .

345 2085 621 2138 Aruspicium
651 2085 747 2126 367.
1391 2103 1445 2111 —
1477 2096 1666 2125 errorem
1695 2098 1822 2130 suum
1849 2084 1927 2125 wlt
1954 2097 2162 2128 revocare
2186 2086 2289 2129 289.
2307 2109 2366 2131 ·.-..·

347 2142 552 2182 Ascensio
583 2141 709 2182 Cristi
739 2142 833 2183 147.
1390 2162 1444 2167 —
1475 2153 1554 2194 per
1571 2142 1838 2196 impossibile
1856 2142 1980 2185 Prior
1997 2142 2371 2185 mendicanciun:

346 2204 443 2253 post
471 2212 630 2239 —nem
650 2199 812 2239 domini
842 2200 1074 2254 temptacio
1103 2200 1308 2254 nequicie
1446 2198 1544 2240 478.
2326 2226 2357 2235 *-
2387 2233 2398 2257 ·.

405 2256 595 2296 Sathane
625 2269 836 2310 suspensa
865 2262 930 2298 est
960 2258 1055 2298 392.
1390 2276 1444 2282 -
1474 2260 1620 2309 sperat
1647 2256 1764 2310 quod
1792 2256 2032 2299 salvabitur
2059 2258 2157 2299 365.
2254 2296 2261 2299 .
2346 2264 2351 2274 ²
2385 2251 2391 2266 ¹

350 2337 402 2343 —
434 2313 596 2354 Cristus
613 2314 851 2367 prudenter
870 2315 1098 2356 ecclesiam
1123 2315 1307 2369 regebat
1389 2312 1501 2353 —ris
1519 2314 1776 2366 protestacio
1797 2315 1871 2366 313
1905 2315 1978 2367 753
2010 2314 2084 2368 763
2117 2315 2222 2367 289,
2249 2314 2342 2358 67
2366 2338 2394 2355 «ε.

405 2372 501 2412 669.
1390 2391 1441 2396 -
1473 2383 1624 2411 80118118
1653 2345 1920 2425 improbatur
1956 2345 2024 2414 75.
2342 2391 2344 2394 >

346 2428 531 2469 Assidua
560 2427 814 2481 deprecacio
843 2429 1028 2469 multum
1053 2430 1175 2470 valet
1204 2430 1301 2470 345.
1387 2425 1494 2467 citra
1549 2441 1700 2469 —ores
1762 2429 1971 2482 scripture
2022 2426 2273 2474 racionab‘
2378 2470 2385 2477 .

347 2485 479 2526 -dui
516 2489 705 2526 oratores
741 2486 959 2527 excedunt
993 2487 1186 2527 medium
1220 2487 1304 2527 vir-
1444 2484 1527 2525 sibi
1553 2485 1671 2526 credi
1698 2486 1838 2527 sancti
1872 2485 2076 2529 catholici
2108 2486 2385 2531 noluetum·

401 2547 574 2583 tuosum
601 2542 825 2583 ieiunandi
854 2545 950 2584 346.
1445 2542 1542 2583 392.
2315 2572 2342 2589 .

345 2599 595 2640 Assimilare
614 2604 754 2641 sectas
780 2601 947 2654 corpori
973 2601 1154 2642 ecclesie
1175 2601 1303 2641 Gristi
1386 2597 1700 2641 Auctoritatem
1729 2612 1756 2641 3
1786 2600 1923 2642 Cristo
1953 2613 2043 2641 non
2069 2599 2235 2642 habent
2273 2613 2320 2642 o·
2373 2640 2380 2646 ,

402 2658 498 2698 353.
1443 2658 1668 2698 servancie
1699 2681 1752 2686 —
1784 2659 1880 2699 264.
2366 2659 2371 2664 ’

343 2713 555 2754 Assistere
576 2712 706 2753 deum
733 2713 896 2754 homini
917 2727 1096 2755 necesse
1118 2718 1185 2755 est
1206 2715 1300 2755 129.
1384 2725 1463 2766 per
1483 2737 1537 2742 —
1559 2714 1686 2755 cristi
1712 2728 1819 2756 num
1846 2719 1965 2757 secte
1992 2699 2236 2758 subinttav-
2279 2732 2301 2749 ··

343 2770 574 2811 Assumere
602 2783 763 2811 nomen
791 2770 862 2811 dei
888 2771 936 2811 in
963 2784 1127 2812 vanum
1157 2771 1252 2812 118.
1446 2771 1540 2812 175.
2289 2811 2292 2813 .
2338 2812 2340 2815 ,
2363 2799 2365 2802 <

343 2827 676 2881 Assumpciones
703 2832 919 2868 sectarum
950 2829 1045 2870 144.
1387 2841 1442 2869 ex
1472 2833 1573 2870 —te
1603 2828 1730 2870 Oristi
1758 2834 1896 2883 agunt
1923 2834 2045 2871 secte
2073 2829 2170 2871 264.
2227 2870 2231 2873 ,
2313 2852 2324 2862 -
2363 2839 2366 2843 ’

348 2907 394 2913 -
428 2898 528 2925 81138
556 2897 673 2938 papa
701 2885 775 2926 vel
804 2885 959 2926 fratres
978 2885 1178 2926 nesciunt
1204 2899 1300 2939 pro·
1387 2889 1509 2926 —tes
1529 2887 1664 2927 multe
1684 2891 1864 2927 movent
1881 2886 2102 2928 hominem
2129 2887 2188 2928 ad
2215 2898 2341 2931 oran-

398 2943 503 2983 bare
535 2943 602 2983 75.
1444 2943 1548 2984 dum
1578 2945 1675 2984 346.
2308 2962 2328 2989 ⁴.
2375 2956 2391 2974 ⁷·

341 2999 621 3053 Assumptum
666 3003 883 3041 sectarum
927 3000 1167 3053 apocrifum
1195 3000 1302 3041 citra
1384 2999 1681 3042 Auctorizacio
1708 3001 1958 3042 tradicionis
1986 3001 2176 3043 humane
2206 3001 2334 3044 348.-
2357 3003 2383 3053 5

398 3056 530 3097 fidem
562 3057 657 3097 144.
1384 3057 1701 3099 Auctorizando
1730 3059 1973 3100 consentire
1991 3058 2242 3100 criminibus
2266 3056 2371 3115 Q
2381 3095 2385 3097 .

340 3114 456 3154 Astri
483 3113 712 3154 inclinacio
741 3113 854 3154 infra
883 3127 1030 3155 aerem
1060 3115 1126 3156 73.
1442 3129 1565 3156 orum
1595 3117 1691 3156 330.
1748 3153 1751 3157 ,
2305 3115 2389 3179 1³..ss

340 3170 566 3211 Attencius
610 3175 655 3222 et
705 3170 872 3211 diucius
919 3171 1072 3212 fratres
1123 3172 1300 3213 student
1382 3171 1540 3213 Audax
1568 3172 1614 3212 in
1642 3173 1745 3227 biga
1775 3177 1840 3214 est
1868 3186 1975 3227 equs
2003 3186 2131 3214 cecus
2159 3173 2292 3216 267.

396 3228 613 3269 novitates
642 3227 801 3269 ordinis
830 3229 898 3269 sui
926 3241 1058 3283 quam
1094 3229 1300 3270 mandata
1384 3229 1570 3271 —daces
1598 3234 1647 3271 ut
1676 3230 1839 3271 faciant
1866 3230 2030 3273 malum
2058 3231 2156 3272 248.
2278 3214 2394 3286 ⁴...2⁷:42

397 3284 596 3339 decalogi
623 3286 692 3326 44.
1381 3286 1545 3328 Audire
1573 3287 1756 3328 verbum
1786 3287 1858 3328 dei
1888 3288 1983 3330 120.
2223 3306 2226 3307 ⁷
2286 3282 2394 3330 12(ss

339 3341 584 3383 Attendunt
624 3355 713 3382 non
749 3343 841 3383 ceci
883 3356 962 3396 per
1005 3355 1137 3397 quam
1178 3343 1296 3384 viam
1380 3344 1564 3385 Auferre
1595 3345 1804 3386 discordie
1832 3345 2113 3387 seminarium
2141 3344 2242 3387 591
2285 3362 2299 3383 ⁴,
2367 3343 2395 3358 ⁷

396 3398 557 3440 debent
584 3399 704 3441 viare
734 3399 791 3440 ad
819 3399 962 3440 celum
992 3401 1088 3442 276.
1383 3424 1436 3430 —
1495 3401 1780 3442 dissensionis
1837 3402 2147 3445 seminarium
2168 3400 2399 3454 debentne

337 3455 565 3511 Attingere
594 3456 911 3498 beatitudinem
940 3458 1037 3499 300.
1437 3471 1564 3513 reges
1594 3460 1690 3500 572.
2311 3479 2315 3486 ·
