2528 4074
857 426 1162 469 GENERAL
1192 426 1418 468 INDEX.

2 574 6 582 ”
46 579 49 582 ’
104 575 302 631 Populus
331 574 548 617 hereticos
563 573 802 630 prudenter
832 571 1090 613 examinare

165 633 299 675 debet
334 635 433 675 383.

65 720 68 724 ›
105 696 476 792 —3go7nvertetur
503 690 638 746 paulo
658 692 763 731 ante
792 687 911 730 diem
937 684 1090 730 iudicii

36 806 38 812 ⁸
106 831 161 838 —
193 809 370 851 solvens
399 806 686 849 elemosinam
713 803 1002 849 defraudatus
1022 807 1090 846 est

107 925 258 980 —puli
292 923 498 966 reduccio
543 921 602 964 ad
646 922 875 964 meliorem
916 921 1087 964 ordina-

39 983 42 986 ’
163 984 335 1025 cionem
366 983 435 1024 98.

106 1065 159 1072 —
191 1041 388 1083 avaricia
420 1041 517 1082 191.

103 1122 156 1130 ·-
181 1099 476 1141 murmuracio
508 1098 564 1140 de
594 1101 727 1153 raptu
753 1098 971 1140 bonorum
987 1098 1085 1140 533.

104 1182 159 1189 —
190 1172 280 1200 vox
309 1171 399 1200 vox
429 1157 503 1199 dei
534 1158 638 1211 605,
672 1157 771 1199 606.

105 1217 266 1271 —pulo
285 1216 452 1258 Cristus
469 1215 703 1272 egenciam
716 1228 843 1257 suam
859 1215 971 1257 dixit
989 1216 1086 1257 188.

103 1299 159 1306 -—
190 1275 387 1317 invalido
418 1274 554 1316 nichil
583 1278 786 1329 superest
803 1274 890 1316 nisi
918 1273 1087 1316 mendi-

161 1346 263 1376 care
293 1334 393 1376 367.

103 1392 316 1447 —pulum
345 1392 614 1434 contrarium
634 1390 836 1433 occidere
856 1404 964 1432 num
983 1390 1089 1432 licet

44 1524 46 1536 ³
94 1532 158 1557 ‚—
191 1514 236 1551 et
264 1509 525 1552 thezaurum
544 1508 708 1564 Anglie
729 1507 963 1550 exhaurire
986 1509 1085 1550 596.

17 1565 20 1568 ’
42 1586 44 1589 ·
103 1568 257 1622 -puli
285 1582 376 1610 non
406 1568 555 1610 debite
584 1571 828 1622 pascuntur
867 1567 966 1609 272.

103 1627 287 1681 ——pulos
301 1627 464 1669 multos
483 1625 869 1682 appropriaciones
884 1625 1087 1667 infideles

59 1693 75 1699 ‘
159 1686 332 1727 faciunt
363 1686 460 1728 134.

44 1746 45 1749 ’
99 1744 301 1786 Porisma
329 1743 637 1799 blasphemum
666 1746 887 1784 sectarum
919 1743 1016 1786 140.

103 1826 158 1832 —
189 1801 653 1856 merdosum'dyaboli
679 1802 791 1843 7611.

46 1871 49 1873 ·
100 1865 284 1903 —mata
312 1861 431 1903 scole
462 1860 641 1915 dyaboli
672 1861 772 1902 474.

99 1920 304 1962 Portacio
335 1919 481 1962 oneris
510 1923 729 1975 perpetua
759 1922 805 1960 et
831 1918 1087 1974 temporalis

161 1983 229 2020 est
258 1980 358 2021 329.

99 2037 301 2080 Portabit
328 2037 635 2092 unusquisque
676 2050 788 2078 onus
825 2050 956 2078 suum
986 2037 1085 2079 327.

100 2096 272 2138 Posicio
304 2096 360 2138 de
390 2096 606 2152 religione
635 2095 811 2151 privata
840 2096 940 2138 491.

100 2155 325 2197 Possessio
355 2155 404 2196 in
433 2155 551 2197 clero
566 2168 658 2196 non
672 2153 861 2196 fundata
875 2154 923 2195 in
940 2166 1086 2195 ewan-

159 2213 278 2269 gelio
310 2215 407 2256 195.

100 2285 192 2314 non
210 2272 427 2314 Possibile
449 2276 516 2314 est
542 2272 801 2314 cristianum
820 2271 1087 2328 decalogum

161 2343 340 2373 servare
373 2331 470 2372 124.

99 2389 334 2445 Postponit
377 2389 610 2431 cristianus
645 2393 923 2431 terrenorum
959 2387 1089 2431 intel-

159 2447 405 2490 leccionem
437 2448 535 2490 125.

102 2512 331 2562 —ponunt
358 2507 562 2563 regulam
592 2506 724 2549 Cristi
753 2506 958 2549 monachi
990 2507 1087 2548 131.

100 2566 317 2607 Potencia
347 2565 421 2608 dei
449 2580 541 2608 non
570 2565 788 2608 exhausta
818 2567 918 2608 617.

103 2647 156 2654 -
187 2624 466 2667 intellectiva
494 2624 684 2666 hominis
714 2625 814 2666 211.

101 2706 157 2713 -
189 2695 398 2738 suprema
440 2683 694 2725 intellectus
738 2687 890 2726 movet
929 2696 1088 2738 corpus

49 2786 51 2790 ,
161 2742 219 2783 ad
247 2742 495 2784 subiectum
526 2742 626 2784 211.

102 2823 158 2829 —-
189 2800 420 2842 moderata
449 2805 496 2842 et
513 2797 764 2842 ’austeritas
799 2813 956 2856 regum
990 2801 1086 2843 172.

50 2873 54 2875 ⁴
101 2859 313 2901 Potentes
332 2859 381 2900 in
400 2859 740 2902 alleviacionem
758 2859 901 2915 plebis
921 2872 949 2901 a
969 2859 1087 2902 clero

159 2918 357 2960 redditus
387 2931 478 2959 non
507 2917 732 2960 redimunt
759 2918 862 2977 421.

102 2976 306 3019 Potestas
335 2989 452 3032 pape
482 2990 574 3018 non
593 2977 782 3019 fundata
804 2977 851 3018 in
871 2977 1088 3032 scriptura

102 3117 158 3123 —-
189 3106 307 3149 pape
345 3107 372 3135 a
409 3098 631 3149 potestate
676 3107 857 3137 cesarea
887 3094 1109 3137 derivata

100 3154 358 3253 q—edteissffi·
371 3211 561 3254 ecclesia
596 3225 739 3267 usque
780 3211 837 3254 ad
875 3211 993 3254 diem
1023 3212 1087 3254 iu-

162 3269 266 3312 dicii
292 3270 504 3325 perdurat
534 3271 633 3314 617.

107 3350 157 3356 -
190 3327 439 3383 premiandi
466 3329 630 3372 milites
660 3330 759 3372 612.

102 3409 159 3415 —
191 3386 485 3429 cardinalium
528 3401 619 3430 non
663 3401 711 3430 se
750 3388 951 3430 extendit
979 3388 1089 3431 citra

105 3445 592 3572 —dgldsstlsslilenarie
623 3505 883 3574 absolvendi
904 3506 1011 3573 ²626.

105 3643 160 3650 -
190 3562 488 3677 asamar
508 3563 743 3677 &aa
762 3564 1045 3666 anw-

2058 435 2164 484 803

1177 571 1380 612 Potestas
1410 571 1532 613 Petri
1562 584 1696 625 supra
1725 574 1948 626 apostolos
1981 576 2079 617 665.

1180 652 1234 658 -—
1266 629 1453 671 sathane
1484 642 1540 671 ex
1569 629 1754 672 collecto
1784 637 1968 685 peccato
1998 633 2045 673 in
2075 635 2165 676 suis

1237 687 1415 742 organis
1438 688 1536 730 395.

1179 745 1340 787 —stati
1369 745 1550 799 dyaboli
1570 758 1690 788 error
1710 745 1943 790 diuturnus
1964 750 2166 792 subiacet

1179 865 1376 903 —tatem
1405 862 1620 904 maiorem
1649 876 1768 918 papa
1796 864 1976 906 simulat
2006 867 2104 908 671.

1178 943 1232 949 ——
1265 920 1431 962 citandi
1460 934 1579 976 papa
1608 934 1635 963 a
1652 921 1791 963 Oristo
1812 936 1903 964 non
1924 924 2044 979 capit
2066 927 2164 967 551.

1177 1001 1234 1008 -·
1263 977 1515 1034 imperandi
1535 980 1797 1023 demonibus
1823 994 1940 1037 pape
1970 996 2061 1025 non
2090 984 2166 1026 ha-

1236 1038 1343 1079 bent
1373 1039 1472 1080 554.

1179 1119 1233 1125 —
1264 1096 1463 1151 prelatus
1507 1111 1598 1140 non
1648 1098 1784 1141 habet
1827 1099 1914 1142 nisi
1958 1113 1985 1142 a
2025 1100 2166 1144 Cristo

1178 1237 1232 1243 —
1262 1214 1469 1256 mittendi
1486 1214 1629 1270 legios
1649 1216 1870 1271 principes
1900 1218 2054 1259 mundi
2074 1233 2167 1261 non

1234 1272 1402 1315 habent
1434 1275 1532 1316 550.

1177 1330 1232 1372 (16
1264 1335 1436 1373 —state
1466 1344 1584 1387 pape
1614 1332 1793 1375 hereses
1829 1335 1927 1377 691.

1180 1393 1374 1431 —states
1404 1389 1507 1432 ficte
1539 1390 1594 1433 de
1618 1391 1915 1448 indulgenciis
1938 1398 2020 1436 etc.
2053 1395 2165 1437 false

1234 1452 1338 1490 sunt
1369 1449 1467 1491 621.

1177 1530 1231 1537 —
1265 1506 1352 1549 due
1382 1506 1620 1563 figurative
1653 1509 1752 1551 287.

1175 1565 1380 1607 Practica
1410 1567 1543 1622 culpa
1573 1567 1760 1609 fratrum
1791 1569 1860 1610 93.

1175 1624 1427 1667 Practizare
1458 1625 1593 1668 fidem
1625 1627 1863 1682 ewangelii
1896 1627 1992 1670 170.

1177 1683 1379 1725 —zanda
1409 1684 1576 1739 duplex
1601 1685 1681 1727 via
1713 1687 1810 1728 101.

1175 1742 1406 1784 Prandent
1441 1748 1561 1786 secte
1608 1744 1882 1787 extrinsecus
1929 1749 1974 1788 et
2011 1745 2165 1787 intrin-

1240 1814 1370 1843 secus
1403 1802 1472 1844 70.

1176 1860 1422 1901 Prandium
1454 1860 1733 1916 equipollens
1764 1862 1970 1904 convivio
2014 1864 2083 1905 71.

1175 1918 1222 1959 in
1255 1918 1384 1961 —dio
1415 1920 1752 1962 monstruositas
1781 1934 2072 1976 personarum
2094 1923 2163 1964 71.

1175 1978 1331 2019 Praxis
1379 1978 1605 2034 theologie
1650 1992 1741 2021 non
1786 1984 2004 2036 evagetur
2049 1980 2166 2022 circa

1234 2036 1507 2079 universalia
1536 2038 1604 2080 78.

1175 2095 1425 2137 Precavere
1457 2109 1485 2137 a
1514 2095 1726 2152 filargiria
1763 2098 1861 2140 703.

1175 2177 1232 2184 -
1264 2154 1430 2196 debent
1458 2155 1660 2197 homines
1684 2156 1999 2212 accepcionem
2017 2171 2166 2213 perso-

1234 2226 1393 2254 narum
1426 2215 1523 2256 171.

1176 2297 1231 2303 —-
1262 2272 1530 2315 tradiciones
1560 2273 1740 2315 frivolas
1771 2265 1870 2317 210.

1175 2330 1432 2373 —vendum
1463 2336 1530 2374 est
1560 2346 1691 2374 omne
1731 2345 1874 2388 genus
1913 2333 2166 2376 mendacio-

1233 2404 1332 2431 rum
1363 2391 1462 2433 349.

1174 2448 1416 2504 Precepcio
1446 2450 1608 2504 prelati
1645 2451 1925 2492 observanda
1965 2456 2032 2493 est
2062 2452 2162 2494 475.

1174 2508 1394 2562 Precepta
1426 2508 1556 2550 Cristi
1586 2509 1642 2551 de
1673 2509 1901 2565 discipulis
1931 2510 2021 2551 suis
2063 2511 2162 2553 371.

1176 2590 1232 2596 —
1262 2567 1537 2621 prelatorum
1566 2568 1682 2610 inter
1712 2581 1759 2610 se
1791 2569 2014 2611 contraria
2044 2570 2144 2611 476.

1178 2625 1374 2680 —ceptis
1388 2639 1505 2681 pape
1516 2626 1675 2668 fiatres
1691 2627 1871 2669 obedire
1881 2627 2048 2670 debent
2062 2629 2163 2671 462.

1175 2684 1368 2726 Predam
1398 2685 1557 2727 fratres
1587 2685 1827 2728 comedunt
1858 2688 1927 2729 71.

1174 2742 1338 2784 Predia
1366 2743 1674 2800 religiosorum
1708 2746 1804 2787 195.

1175 2825 1233 2831 —
1263 2802 1464 2844 conferre
1494 2803 1710 2859 religiosis
1744 2805 1841 2847 195.

1174 2860 1319 2902 Predo
1349 2860 1564 2917 Anglicus
1598 2862 1698 2906 104.

1174 2920 1550 2975 Precipitaciones
1581 2921 1762 2974 dyaboli
1791 2923 1890 2964 534.

1175 2978 1436 3034 Precipiunt
1464 2993 1581 3035 pape
1613 2981 1781 3036 angelii
1810 2981 1908 3023 664.

1175 3037 1508 3080 Predestinacio
1540 3040 1639 3081 662.

1178 3118 1233 3125 —
1264 3096 1460 3138 interimi
1488 3098 1644 3152 nequit
1675 3098 1774 3140 457.

1178 3178 1233 3184 -—
1265 3154 1395 3197 Cristi
1424 3170 1515 3197 non
1544 3155 1712 3211 pendet
1738 3156 1785 3197 in
1805 3156 2041 3199 sanctitate
2072 3157 2164 3201 vite

1234 3227 1350 3269 pape
1383 3215 1482 3257 620.

1181 3273 1374 3314 -cionis
1406 3273 1634 3315 character
1664 3273 1816 3329 gracia
1847 3278 1914 3316 est
1944 3275 2043 3317 457.

1177 3331 1511 3374 Predestinatus
1561 3332 1750 3387 quilibet
1792 3333 1936 3375 bonus
1983 3334 2165 3389 spiritus

1236 3394 1303 3432 est
1334 3391 1432 3432 362.

1179 3471 1231 3478 —
1265 3449 1454 3504 quilibet
1483 3449 1687 3492 sacerdos
1719 3454 1787 3492 est
1817 3451 1915 3492 259.

1178 3529 1231 3536 -—
1265 3507 1406 3550 omnis
1438 3513 1505 3551 est
1534 3509 1676 3550 bonus
1707 3509 1894 3564 angelus
1926 3510 2024 3552 362.

1178 3589 1232 3595 —-
1265 3566 1398 3608 debet
1426 3580 1605 3609 servare
1636 3567 1901 3623 decalogum
1934 3569 2030 3610 124.

1177 3625 1329 3667 -nati
1359 3625 1554 3668 infantes
1585 3631 1688 3668 sunt
1721 3627 1818 3669 707.

1709 3697 1796 3742 51*
