2528 4074
307 377 406 423 708
978 368 1296 409 JOHANNJS
1335 368 1566 414 WJOLJF,
1628 379 1629 384 κ
2053 366 2161 423 [ear-
2199 369 2301 409 VII

305 516 420 575 duo,
460 515 579 580 quia
617 513 827 562 dileccio
867 512 948 561 dei
994 520 1044 562 et
1079 512 1320 576 proximi:
1374 511 1427 560 in
1477 511 1555 560 his
1608 512 1742 561 enim
1795 511 1991 561 duobus
2041 511 2295 562 mandatis

304 601 541 650 universa
591 600 677 649 lex
728 598 917 663 pendet
968 605 1018 646 et
1068 598 1335 662 prophete,
1404 604 1462 646 ut
1513 597 1661 646 docet
1710 596 1904 646 Cristus
1941 596 2127 646 Matth.
2170 599 2294 647 22m.

304 686 453 746 Nam,
503 693 560 734 ut
585 686 733 734 docet
756 679 1088 743 Averroes⁵⁷³,
1122 683 1163 732 si
1187 682 1345 732 frater
1370 682 1678 746 cognoverit,
1709 690 1868 732 totum
1895 689 1972 732 est
1995 700 2084 732 sue
2108 690 2293 752 partes,

305 788 369 819 ex
407 788 504 836 quo
543 776 781 820 secuntur
807 768 1154 818 conclusiones
1187 767 1345 816 multe
1372 766 1467 816 sibi
1500 767 1771 831 incognite,
1811 768 1933 818 licet
1968 768 2021 816 in
2058 775 2296 831 suajarte

305 856 674 920 nigromantica
710 872 812 904 non
848 854 1039 903 fuerint
1075 859 1382 917 expressate.
2342 868 2366 906 5

1151 1051 1293 1100 GAP.
1346 1052 1452 1101 VII.

448 1195 551 1245 Sed
586 1195 743 1244 tercio
779 1195 1019 1254 instatur,
1075 1194 1210 1269 qupd
1246 1194 1474 1244 membra
1526 1194 1787 1244 divisionis
1825 1194 2131 1254 coincidunt,
2181 1212 2297 1244 cum

304 1281 582 1332 secundum
619 1280 892 1330 fantasiam
930 1297 1098 1330 meam
1137 1279 1309 1329 clerici
1347 1279 1535 1329 debent
1573 1297 1637 1329 ex
1673 1280 1787 1344 lege
1813 1280 2004 1329 domini
2039 1279 2296 1339 laborare;

306 1376 356 1417 et
391 1383 482 1431 per
531 1370 842 1431 censequens
895 1373 1010 1426 stat,
1066 1366 1216 1415 simul
1268 1366 1465 1431 aliquas
1510 1383 1752 1430 personas
1791 1365 2004 1415 ecclesie
2041 1382 2150 1415 esse
2202 1365 2300 1416 cle-

304 1454 432 1503 ricos
472 1460 522 1502 et
558 1452 745 1501 milites
768 1469 843 1519 ·ac
883 1452 1043 1501 eciam
1081 1451 1388 1501 laborantes.
1452 1451 1645 1501 Paulus
1685 1452 1820 1501 enim
1863 1451 2136 1516 solempnis
2174 1451 2300 1517 epis-

305 1556 460 1603 copus
499 1538 601 1588 suis
638 1537 873 1587 manibus
910 1536 1178 1597 laboravit,
1218 1544 1276 1586 ut
1310 1543 1454 1602 patet
1489 1535 1607 1586 Act,
1644 1540 1756 1586 2032
2317 1545 2369 1583 10

449 1623 551 1673 Sed
576 1624 658 1672 hic
686 1624 871 1673 dicitur
903 1623 1243 1683 concedendo,
1285 1623 1420 1688 quod
1457 1622 1685 1673 membra
1710 1624 1808 1672 ista
1834 1622 2140 1683 coincidunt,
2180 1622 2302 1672 licet

304 1710 532 1759 raciones
590 1709 817 1758 habeant
874 1709 1247 1772 impermixtas3
1311 1709 1426 1759 ideo
1478 1708 1810 1773 probabiliter
1861 1708 2104 1768 creditur,
2166 1707 2301 1774 quod

305 1812 493 1859 magna
529 1812 647 1860 pars
684 1795 900 1844 fratrum
938 1794 1091 1843 debet
1128 1811 1236 1844 esse
1276 1795 1338 1844 de
1375 1795 1534 1844 tercia
1570 1802 1716 1859 parte
1742 1794 1955 1844 ecclesie
1990 1793 2298 1843 laborantes.

304 1881 439 1930 Nam
477 1897 541 1930 ex
579 1897 751 1930 eorum
788 1887 1083 1944 presumpta
1122 1880 1346 1930 stulticia
1393 1888 1469 1930 est
1504 1881 1663 1930 tercia
1699 1897 1818 1945 pars
1857 1879 2070 1930 ecclesie
2105 1880 2159 1928 in
2196 1879 2299 1929 cul-

303 1966 495 2015 toribus
534 1973 584 2015 et
621 1966 860 2030 operariis
900 1966 1163 2015 diminuta.
2319 1974 2370 2012 15

446 2052 517 2101 Et
553 2053 595 2101 si
632 2051 861 2112 obicitur,
918 2052 1052 2118 quod
1090 2052 1269 2101 eadem
1304 2060 1380 2102 est
1413 2052 1636 2102 obieccio
1676 2059 1853 2101 contra
1889 2069 1970 2101 me
2005 2051 2189 2116 ipsum,
2230 2050 2302 2100 di-

305 2139 448 2198 citur,
489 2138 624 2204 quod
662 2155 727 2187 ex
765 2138 939 2202 gracia
966 2138 1059 2187 deo
1095 2138 1225 2202 elegi
1262 2138 1405 2187 illam
1442 2146 1642 2203 partem
1681 2137 1914 2197 ecclesie,
1955 2154 2107 2202 quam
2146 2136 2302 2186 domi·

304 2241 398 2272 nus
437 2223 758 2288 approbavit,
800 2231 851 2273 et
886 2224 1203 2273 voluntatem
1240 2224 1405 2273 habeo
1431 2223 1700 2273 laborandi
1724 2223 1777 2271 in
1816 2223 1898 2272 dei
1935 2223 2148 2273 servicio
2187 2239 2301 2272 con-

304 2309 532 2358 formiter
568 2309 643 2357 illi
668 2310 819 2374 parti.
897 2309 1001 2359 Sed
1045 2327 1138 2359 nec
1183 2310 1367 2359 fratres
1414 2310 1580 2359 sciunt
1615 2309 1854 2369 fundare,
1895 2309 2032 2374 quod
2069 2325 2134 2358 ex
2171 2307 2301 2357 ordi-

304 2395 516 2444 nacione
555 2395 744 2444 domini
783 2394 972 2444 debent
1022 2412 1131 2445 esse
1182 2403 1354 2460 partes
1402 2395 1614 2445 ecclesie
1660 2394 1949 2455 militantis,
2002 2412 2096 2444 nec
2135 2394 2302 2444 sciunt
2317 2402 2372 2441 ‘20

304 2481 400 2530 nisi
451 2498 543 2545 per
593 2480 950 2546 blasphemum
1001 2481 1324 2531 mendacium
1375 2481 1613 2541 fundare,
1669 2481 1804 2546 quod
1857 2480 2080 2530 debeant
2129 2463 2302 2529 taliter

304 2566 609 2616 mendicare.
670 2566 795 2616 Ideo
833 2566 1026 2616 habent
1061 2567 1209 2616 nimis
1248 2566 1416 2616 debile
1452 2567 1858 2617 fundamentum.
1921 2565 2076 2617 Unde
2110 2565 2302 2632 aliquid

305 2651 500 2701 Cristus
538 2652 711 2701 docuit
748 2669 900 2717 opere
938 2660 988 2701 et
1019 2670 1248 2702 sermone
1287 2660 1338 2702 et
1374 2653 1567 2718 aliquid
1604 2653 1954 2702 taciturnitate
1964 2670 1975 2712 ;
2025 2669 2178 2718 opere
2217 2651 2301 2701 do-

305 2738 430 2798 cuit,
486 2738 621 2803 quod
667 2738 954 2787 sacerdotes
993 2746 1111 2787 sunt
1147 2739 1353 2788 acucius
1399 2739 1668 2803 arguendi,
1724 2728 1927 2804 quando
1973 2738 2211 2787 intrando
2248 2737 2302 2786 in

302 2823 552 2888 templum
605 2823 753 2872 eiecit
803 2823 1081 2873 vendentes
1135 2831 1185 2873 et
1236 2832 1459 2874 ementes
1518 2825 1572 2872 in
1622 2824 1734 2885 illo,
1789 2831 1847 2873 ut
1895 2831 2040 2890 patet
2084 2822 2196 2873 Ioh.
2240 2819 2370 2871 2⁶25

305 2916 355 2957 et
390 2908 575 2958 Matth.
619 2911 725 2957 21.⁶
797 2908 1012 2974 Aliquid
1065 2917 1235 2959 autem
1288 2911 1460 2960 docuit
1510 2911 1631 2961 viva
1682 2927 1832 2970 voce,
1888 2910 2019 2960 sicut
2053 2916 2198 2975 patet
2236 2926 2301 2958 ex

305 2995 536 3043 doctrina
588 3011 680 3044 sua
718 2995 1041 3059 ewangelica,
1097 3013 1250 3061 quam
1287 2996 1550 3046 habemus.
1627 2995 1912 3046 Omissione
1949 3012 2071 3046 vero
2110 2995 2297 3054 docuit,

303 3088 404 3129 tres
441 3087 604 3129 sectas
642 3080 1017 3144 religiosorum,
1049 3082 1156 3146 ‘que
1203 3090 1349 3131 erant
1384 3082 1438 3131 in
1475 3099 1565 3132 suo
1602 3090 1853 3147 tempore,
1894 3088 2204 3141 cessaturas,
2244 3087 2302 3129 ut

635 3220 637 3222 Ι
659 3240 690 3257 ⁷²²
721 3251 755 3276 v.
780 3241 834 3278 40
965 3241 985 3259 η
1015 3252 1078 3290 ep.
1099 3240 1314 3289 Averroes,
1349 3239 1561 3278 Commeat.
1593 3239 1637 3277 in
1656 3239 1789 3278 Arist.
1821 3251 1901 3289 op„
1921 3238 1983 3277 ed.
2010 3236 2146 3277 Venet.
2170 3239 2297 3283 1562,

591 3309 802 3348 Comment.
834 3309 878 3348 in
907 3309 1094 3361 Metaph.
1134 3310 1234 3348 VII
1261 3324 1351 3362 cap.
1384 3314 1432 3357 3,·
1463 3310 1541 3350 vol.
1580 3309 1718 3355 VIII,
1750 3312 1831 3350 162
1853 3309 1904 3363 ff.

661 3380 785 3420 CAP.
826 3380 932 3421 VII.
990 3384 1010 3402 α
1039 3396 1073 3421 v.
1097 3385 1150 3422 34
1267 3379 1284 3403 b
1315 3397 1349 3422 v.
1374 3386 1425 3422 15
1544 3385 1558 3403 ⁰
1588 3396 1622 3422 v.
1648 3384 1699 3421 12
1721 3381 1771 3435 ff.

418 3503 435 3528 ⁵
465 3519 667 3559 averroys
689 3509 786 3548 MS.

2460 3170 2486 3201 ἴ
