<?xml version="1.0" encoding="UTF-8"?>
<!DOCTYPE html PUBLIC "-//W3C//DTD XHTML 1.0 Transitional//EN"
    "http://www.w3.org/TR/xhtml1/DTD/xhtml1-transitional.dtd">
<html xmlns="http://www.w3.org/1999/xhtml" xml:lang="en" lang="en">
 <head>
  <title>
</title>
<meta http-equiv="Content-Type" content="text/html;charset=utf-8" />
  <meta name='ocr-system' content='tesseract 3.04.00' />
  <meta name='ocr-capabilities' content='ocr_page ocr_carea ocr_par ocr_line ocrx_word'/>
</head>
<body>
  <div class='ocr_page' id='page_1' title='image "./johnwiclifspolem02wycluoft_0381.png"; bbox 0 0 2528 4074; ppageno 0'>
   <div class='ocr_carea' id='block_1_1' title="bbox 0 1382 91 3702">
    <p class='ocr_par' dir='ltr' id='par_1_1' title="bbox 0 1382 91 3702">
     <span class='ocr_line' id='line_1_1' title="bbox 0 1382 91 3702; baseline 0 0"><span class='ocrx_word' id='word_1_1' title='bbox 0 1382 91 3702; x_wconf 95' lang='lat' dir='ltr'><strong> </strong></span> 
     </span>
    </p>
   </div>
   <div class='ocr_carea' id='block_1_2' title="bbox 898 392 1457 432">
    <p class='ocr_par' dir='ltr' id='par_1_2' title="bbox 898 392 1457 432">
     <span class='ocr_line' id='line_1_2' title="bbox 898 392 1457 432; baseline -0.002 0"><span class='ocrx_word' id='word_1_2' title='bbox 898 392 1203 432; x_wconf 71' lang='lat' dir='ltr'><em>GENERAL</em></span> <span class='ocrx_word' id='word_1_3' title='bbox 1237 392 1457 432; x_wconf 85' lang='lat' dir='ltr'><em>INDEX.</em></span> 
     </span>
    </p>
   </div>
   <div class='ocr_carea' id='block_1_3' title="bbox 81 534 1129 1112">
    <p class='ocr_par' dir='ltr' id='par_1_3' title="bbox 151 534 1129 711">
     <span class='ocr_line' id='line_1_3' title="bbox 151 534 1127 582; baseline -0.005 0"><span class='ocrx_word' id='word_1_4' title='bbox 151 539 367 582; x_wconf 87' lang='lat' dir='ltr'>Dominus</span> <span class='ocrx_word' id='word_1_5' title='bbox 387 549 520 578; x_wconf 89' lang='lat' dir='ltr'><strong>verus</strong></span> <span class='ocrx_word' id='word_1_6' title='bbox 540 537 588 578; x_wconf 90' lang='lat' dir='ltr'><strong>in</strong></span> <span class='ocrx_word' id='word_1_7' title='bbox 609 538 714 579; x_wconf 90' lang='lat' dir='ltr'><strong>celis</strong></span> <span class='ocrx_word' id='word_1_8' title='bbox 743 534 942 578; x_wconf 84' lang='lat' dir='ltr'><strong>residens</strong></span> <span class='ocrx_word' id='word_1_9' title='bbox 973 542 1018 578; x_wconf 91' lang='lat' dir='ltr'><strong>et</strong></span> <span class='ocrx_word' id='word_1_10' title='bbox 1048 537 1127 578; x_wconf 88' lang='lat' dir='ltr'><strong>fal-</strong></span> 
     </span>
     <span class='ocr_line' id='line_1_4' title="bbox 209 595 677 648; baseline 0 -10"><span class='ocrx_word' id='word_1_11' title='bbox 209 611 282 638; x_wconf 91' lang='lat' dir='ltr'><strong>sus</strong></span> <span class='ocrx_word' id='word_1_12' title='bbox 310 596 358 637; x_wconf 91' lang='lat' dir='ltr'><strong>in</strong></span> <span class='ocrx_word' id='word_1_13' title='bbox 388 595 546 648; x_wconf 84' lang='lat' dir='ltr'><strong>abysso</strong></span> <span class='ocrx_word' id='word_1_14' title='bbox 578 597 677 638; x_wconf 86' lang='grc'><strong>698.</strong></span> 
     </span>
     <span class='ocr_line' id='line_1_5' title="bbox 151 654 1129 711; baseline 0 -15"><span class='ocrx_word' id='word_1_15' title='bbox 151 655 254 696; x_wconf 78' lang='lat' dir='ltr'><strong>—ni</strong></span> <span class='ocrx_word' id='word_1_16' title='bbox 297 654 590 709; x_wconf 79' lang='lat' dir='ltr'><strong>approbantes</strong></span> <span class='ocrx_word' id='word_1_17' title='bbox 628 658 771 696; x_wconf 89' lang='lat' dir='ltr'><strong>sectas</strong></span> <span class='ocrx_word' id='word_1_18' title='bbox 808 659 997 708; x_wconf 89' lang='lat' dir='ltr'><strong>peccant</strong></span> <span class='ocrx_word' id='word_1_19' title='bbox 1032 668 1129 711; x_wconf 82' lang='lat' dir='ltr'><strong>gra-</strong></span> 
     </span>
    </p>

    <p class='ocr_par' dir='ltr' id='par_1_4' title="bbox 81 709 448 755">
     <span class='ocr_line' id='line_1_6' title="bbox 81 709 448 755; baseline -0.014 2"><span class='ocrx_word' id='word_1_20' title='bbox 81 709 86 715; x_wconf 81' lang='grc'>’</span> <span class='ocrx_word' id='word_1_21' title='bbox 207 714 321 755; x_wconf 86' lang='lat' dir='ltr'><strong>viter</strong></span> <span class='ocrx_word' id='word_1_22' title='bbox 349 713 448 753; x_wconf 90' lang='lat'>440.</span> 
     </span>
    </p>

    <p class='ocr_par' dir='ltr' id='par_1_5' title="bbox 151 769 1129 871">
     <span class='ocr_line' id='line_1_7' title="bbox 151 769 1129 826; baseline 0 -13"><span class='ocrx_word' id='word_1_23' title='bbox 151 795 206 803; x_wconf 89' lang='lat'><strong>--</strong></span> <span class='ocrx_word' id='word_1_24' title='bbox 235 784 391 825; x_wconf 89' lang='lat' dir='ltr'><strong>corpus</strong></span> <span class='ocrx_word' id='word_1_25' title='bbox 419 769 666 826; x_wconf 87' lang='lat' dir='ltr'><strong>figuraliter</strong></span> <span class='ocrx_word' id='word_1_26' title='bbox 703 774 770 812; x_wconf 90' lang='lat' dir='ltr'><strong>est</strong></span> <span class='ocrx_word' id='word_1_27' title='bbox 804 770 948 813; x_wconf 90' lang='lat' dir='ltr'><strong>hostia</strong></span> <span class='ocrx_word' id='word_1_28' title='bbox 978 785 1129 813; x_wconf 90' lang='lat' dir='ltr'><strong>conse-</strong></span> 
     </span>
     <span class='ocr_line' id='line_1_8' title="bbox 207 829 455 871; baseline -0.004 0"><span class='ocrx_word' id='word_1_29' title='bbox 207 834 328 871; x_wconf 88' lang='lat' dir='ltr'><strong>crata</strong></span> <span class='ocrx_word' id='word_1_30' title='bbox 357 829 455 870; x_wconf 87' lang='lat'>398.</span> 
     </span>
    </p>

    <p class='ocr_par' dir='ltr' id='par_1_6' title="bbox 150 886 821 942">
     <span class='ocr_line' id='line_1_9' title="bbox 150 886 821 942; baseline 0.001 -13"><span class='ocrx_word' id='word_1_31' title='bbox 150 911 204 919; x_wconf 89' lang='lat'>—</span> <span class='ocrx_word' id='word_1_32' title='bbox 235 900 391 942; x_wconf 89' lang='lat' dir='ltr'><strong>corpus</strong></span> <span class='ocrx_word' id='word_1_33' title='bbox 421 886 467 927; x_wconf 91' lang='lat' dir='ltr'><strong>in</strong></span> <span class='ocrx_word' id='word_1_34' title='bbox 498 886 593 928; x_wconf 90' lang='lat' dir='ltr'><strong>celo</strong></span> <span class='ocrx_word' id='word_1_35' title='bbox 625 890 692 927; x_wconf 92' lang='lat' dir='ltr'><strong>est</strong></span> <span class='ocrx_word' id='word_1_36' title='bbox 723 888 821 930; x_wconf 88' lang='lat'>384.</span> 
     </span>
    </p>

    <p class='ocr_par' dir='ltr' id='par_1_7' title="bbox 149 945 1128 1059">
     <span class='ocr_line' id='line_1_10' title="bbox 149 945 1128 1000; baseline 0.004 -14"><span class='ocrx_word' id='word_1_37' title='bbox 149 945 630 1000; x_wconf 85' lang='lat' dir='ltr'><strong>-nidepauperantur</strong></span> <span class='ocrx_word' id='word_1_38' title='bbox 663 958 744 1000; x_wconf 89' lang='lat' dir='ltr'><strong>per</strong></span> <span class='ocrx_word' id='word_1_39' title='bbox 763 946 973 989; x_wconf 85' lang='lat' dir='ltr'><strong>furtivam</strong></span> <span class='ocrx_word' id='word_1_40' title='bbox 1008 948 1128 990; x_wconf 86' lang='lat' dir='ltr'><strong>abla-</strong></span> 
     </span>
     <span class='ocr_line' id='line_1_11' title="bbox 203 1003 989 1059; baseline 0.004 -13"><span class='ocrx_word' id='word_1_41' title='bbox 203 1005 376 1046; x_wconf 90' lang='lat' dir='ltr'><strong>cionem</strong></span> <span class='ocrx_word' id='word_1_42' title='bbox 406 1003 572 1045; x_wconf 91' lang='lat' dir='ltr'><strong>domini</strong></span> <span class='ocrx_word' id='word_1_43' title='bbox 601 1005 857 1059; x_wconf 88' lang='lat' dir='ltr'><strong>temporalis</strong></span> <span class='ocrx_word' id='word_1_44' title='bbox 889 1007 989 1049; x_wconf 85' lang='lat'>245.</span> 
     </span>
    </p>

    <p class='ocr_par' dir='ltr' id='par_1_8' title="bbox 150 1062 834 1112">
     <span class='ocr_line' id='line_1_12' title="bbox 150 1062 834 1112; baseline 0.003 -9"><span class='ocrx_word' id='word_1_45' title='bbox 150 1086 204 1094; x_wconf 89' lang='lat'><em>-</em></span> <span class='ocrx_word' id='word_1_46' title='bbox 235 1062 388 1104; x_wconf 90' lang='lat' dir='ltr'><strong>domus</strong></span> <span class='ocrx_word' id='word_1_47' title='bbox 419 1067 486 1103; x_wconf 90' lang='lat' dir='ltr'><strong>est</strong></span> <span class='ocrx_word' id='word_1_48' title='bbox 516 1062 705 1104; x_wconf 88' lang='lat' dir='ltr'><strong>ecclesia</strong></span> <span class='ocrx_word' id='word_1_49' title='bbox 736 1063 834 1112; x_wconf 85' lang='lat'>241.</span> 
     </span>
    </p>
   </div>
   <div class='ocr_carea' id='block_1_4' title="bbox 58 1120 1126 1234">
    <p class='ocr_par' dir='ltr' id='par_1_9' title="bbox 58 1120 1126 1234">
     <span class='ocr_line' id='line_1_13' title="bbox 69 1120 1126 1176; baseline 0.004 -14"><span class='ocrx_word' id='word_1_50' title='bbox 69 1128 86 1161; x_wconf 88' lang='lat'><strong>‘.</strong></span> <span class='ocrx_word' id='word_1_51' title='bbox 148 1144 201 1152; x_wconf 92' lang='lat'>—</span> <span class='ocrx_word' id='word_1_52' title='bbox 230 1120 480 1175; x_wconf 89' lang='lat' dir='ltr'><strong>redempcio</strong></span> <span class='ocrx_word' id='word_1_53' title='bbox 518 1121 667 1176; x_wconf 90' lang='lat' dir='ltr'><strong>quoad</strong></span> <span class='ocrx_word' id='word_1_54' title='bbox 706 1121 1026 1165; x_wconf 88' lang='lat' dir='ltr'><strong>sufficienciam</strong></span> <span class='ocrx_word' id='word_1_55' title='bbox 1057 1126 1126 1167; x_wconf 88' lang='lat'><strong>31.</strong></span> 
     </span>
     <span class='ocr_line' id='line_1_14' title="bbox 58 1179 927 1234; baseline 0.005 -14"><span class='ocrx_word' id='word_1_56' title='bbox 58 1182 62 1186; x_wconf 81' lang='grc'><strong>’</strong></span> <span class='ocrx_word' id='word_1_57' title='bbox 149 1203 201 1210; x_wconf 89' lang='lat'><strong>--</strong></span> <span class='ocrx_word' id='word_1_58' title='bbox 230 1183 395 1221; x_wconf 90' lang='lat' dir='ltr'><strong>sectam</strong></span> <span class='ocrx_word' id='word_1_59' title='bbox 426 1179 676 1234; x_wconf 90' lang='lat' dir='ltr'><strong>despiciunt</strong></span> <span class='ocrx_word' id='word_1_60' title='bbox 705 1185 826 1223; x_wconf 90' lang='lat' dir='ltr'><strong>secte</strong></span> <span class='ocrx_word' id='word_1_61' title='bbox 858 1183 927 1224; x_wconf 91' lang='lat'><strong>31.</strong></span> 
     </span>
    </p>
   </div>
   <div class='ocr_carea' id='block_1_5' title="bbox 145 1237 1127 1457">
    <p class='ocr_par' dir='ltr' id='par_1_10' title="bbox 147 1237 1127 1351">
     <span class='ocr_line' id='line_1_15' title="bbox 147 1237 1127 1284; baseline 0.005 -5"><span class='ocrx_word' id='word_1_62' title='bbox 147 1262 201 1270; x_wconf 93' lang='lat'><strong>—-</strong></span> <span class='ocrx_word' id='word_1_63' title='bbox 230 1237 450 1280; x_wconf 83' lang='lat' dir='ltr'><strong>seculares</strong></span> <span class='ocrx_word' id='word_1_64' title='bbox 496 1237 662 1280; x_wconf 90' lang='lat' dir='ltr'><strong>debent</strong></span> <span class='ocrx_word' id='word_1_65' title='bbox 700 1239 821 1282; x_wconf 87' lang='lat' dir='ltr'><strong>exire</strong></span> <span class='ocrx_word' id='word_1_66' title='bbox 866 1241 913 1282; x_wconf 89' lang='lat' dir='ltr'><strong>in</strong></span> <span class='ocrx_word' id='word_1_67' title='bbox 953 1242 1050 1284; x_wconf 89' lang='lat' dir='ltr'><strong>vias</strong></span> <span class='ocrx_word' id='word_1_68' title='bbox 1082 1248 1127 1284; x_wconf 88' lang='lat' dir='ltr'><strong>et</strong></span> 
     </span>
     <span class='ocr_line' id='line_1_16' title="bbox 201 1297 455 1351; baseline 0 -13"><span class='ocrx_word' id='word_1_69' title='bbox 201 1309 326 1351; x_wconf 88' lang='lat' dir='ltr'><strong>sepes</strong></span> <span class='ocrx_word' id='word_1_70' title='bbox 358 1297 455 1338; x_wconf 89' lang='lat'>137.</span> 
     </span>
    </p>

    <p class='ocr_par' dir='ltr' id='par_1_11' title="bbox 145 1354 1126 1457">
     <span class='ocr_line' id='line_1_17' title="bbox 145 1354 1126 1410; baseline 0.005 -14"><span class='ocrx_word' id='word_1_71' title='bbox 145 1379 198 1386; x_wconf 95' lang='lat'><em>-</em></span> <span class='ocrx_word' id='word_1_72' title='bbox 228 1354 450 1397; x_wconf 85' lang='lat' dir='ltr'><strong>seculares</strong></span> <span class='ocrx_word' id='word_1_73' title='bbox 479 1369 558 1410; x_wconf 91' lang='lat' dir='ltr'><strong>pro</strong></span> <span class='ocrx_word' id='word_1_74' title='bbox 588 1356 896 1400; x_wconf 90' lang='lat' dir='ltr'><strong>declaracione</strong></span> <span class='ocrx_word' id='word_1_75' title='bbox 916 1357 1023 1401; x_wconf 90' lang='lat' dir='ltr'><strong>fidei</strong></span> <span class='ocrx_word' id='word_1_76' title='bbox 1053 1359 1126 1402; x_wconf 94' lang='lat' dir='ltr'><strong>de-</strong></span> 
     </span>
     <span class='ocr_line' id='line_1_18' title="bbox 199 1413 669 1457; baseline 0 -2"><span class='ocrx_word' id='word_1_77' title='bbox 199 1414 306 1455; x_wconf 90' lang='lat' dir='ltr'><strong>bent</strong></span> <span class='ocrx_word' id='word_1_78' title='bbox 334 1413 538 1455; x_wconf 90' lang='lat' dir='ltr'><strong>laborare</strong></span> <span class='ocrx_word' id='word_1_79' title='bbox 570 1415 669 1457; x_wconf 85' lang='lat'>382.</span> 
     </span>
    </p>
   </div>
   <div class='ocr_carea' id='block_1_6' title="bbox 58 1471 1125 1529">
    <p class='ocr_par' dir='ltr' id='par_1_12' title="bbox 58 1471 1125 1529">
     <span class='ocr_line' id='line_1_19' title="bbox 58 1471 1125 1529; baseline 0.006 -17"><span class='ocrx_word' id='word_1_80' title='bbox 58 1471 70 1488; x_wconf 69' lang='lat'>⁵</span> <span class='ocrx_word' id='word_1_81' title='bbox 141 1495 200 1503; x_wconf 92' lang='lat'><em>-</em></span> <span class='ocrx_word' id='word_1_82' title='bbox 229 1472 450 1514; x_wconf 87' lang='lat' dir='ltr'><strong>seculares</strong></span> <span class='ocrx_word' id='word_1_83' title='bbox 471 1473 746 1516; x_wconf 89' lang='lat' dir='ltr'><strong>seducuntur</strong></span> <span class='ocrx_word' id='word_1_84' title='bbox 771 1487 853 1529; x_wconf 92' lang='lat' dir='ltr'><strong>per</strong></span> <span class='ocrx_word' id='word_1_85' title='bbox 872 1475 1047 1518; x_wconf 89' lang='lat' dir='ltr'><strong>ordines</strong></span> <span class='ocrx_word' id='word_1_86' title='bbox 1069 1476 1125 1518; x_wconf 91' lang='lat' dir='ltr'><strong>de</strong></span> 
     </span>
    </p>
   </div>
   <div class='ocr_carea' id='block_1_7' title="bbox 198 1530 601 1574">
    <p class='ocr_par' dir='ltr' id='par_1_13' title="bbox 198 1530 601 1574">
     <span class='ocr_line' id='line_1_20' title="bbox 198 1530 601 1574; baseline 0.005 -2"><span class='ocrx_word' id='word_1_87' title='bbox 198 1543 276 1572; x_wconf 90' lang='lat' dir='ltr'><strong>suo</strong></span> <span class='ocrx_word' id='word_1_88' title='bbox 306 1530 499 1573; x_wconf 87' lang='lat' dir='ltr'><strong>dominio</strong></span> <span class='ocrx_word' id='word_1_89' title='bbox 532 1533 601 1574; x_wconf 88' lang='lat'><strong>33.</strong></span> 
     </span>
    </p>
   </div>
   <div class='ocr_carea' id='block_1_8' title="bbox 43 1581 1126 1648">
    <p class='ocr_par' dir='ltr' id='par_1_14' title="bbox 43 1581 1126 1648">
     <span class='ocr_line' id='line_1_21' title="bbox 43 1581 1126 1648; baseline 0.006 -20"><span class='ocrx_word' id='word_1_90' title='bbox 43 1581 47 1589; x_wconf 81' lang='grc'><em>“</em></span> <span class='ocrx_word' id='word_1_91' title='bbox 76 1592 81 1594; x_wconf 72' lang='grc'><em>’</em></span> <span class='ocrx_word' id='word_1_92' title='bbox 142 1612 195 1620; x_wconf 91' lang='grc'><strong>-</strong></span> <span class='ocrx_word' id='word_1_93' title='bbox 227 1593 272 1630; x_wconf 90' lang='lat' dir='ltr'><strong>et</strong></span> <span class='ocrx_word' id='word_1_94' title='bbox 301 1589 477 1631; x_wconf 90' lang='lat' dir='ltr'><strong>domine</strong></span> <span class='ocrx_word' id='word_1_95' title='bbox 515 1604 606 1632; x_wconf 91' lang='lat' dir='ltr'><strong>non</strong></span> <span class='ocrx_word' id='word_1_96' title='bbox 648 1597 917 1634; x_wconf 84' lang='lat' dir='ltr'><strong>excusantur</strong></span> <span class='ocrx_word' id='word_1_97' title='bbox 946 1599 1126 1648; x_wconf 89' lang='lat' dir='ltr'><strong>propter</strong></span> 
     </span>
    </p>
   </div>
   <div class='ocr_carea' id='block_1_9' title="bbox 140 1648 893 1809">
    <p class='ocr_par' dir='ltr' id='par_1_15' title="bbox 140 1648 880 1809">
     <span class='ocr_line' id='line_1_22' title="bbox 197 1648 629 1704; baseline 0.007 -16"><span class='ocrx_word' id='word_1_98' title='bbox 197 1648 498 1704; x_wconf 87' lang='lat' dir='ltr'><strong>ignoranciam</strong></span> <span class='ocrx_word' id='word_1_99' title='bbox 529 1650 629 1691; x_wconf 88' lang='grc'>440.</span> 
     </span>
     <span class='ocr_line' id='line_1_23' title="bbox 141 1707 893 1763; baseline 0.005 -15"><span class='ocrx_word' id='word_1_100' title='bbox 141 1729 195 1736; x_wconf 93' lang='grc'><strong>-</strong></span> <span class='ocrx_word' id='word_1_101' title='bbox 227 1710 273 1748; x_wconf 90' lang='lat' dir='ltr'><strong>et</strong></span> <span class='ocrx_word' id='word_1_102' title='bbox 302 1711 459 1749; x_wconf 88' lang='lat' dir='ltr'><strong>satane</strong></span> <span class='ocrx_word' id='word_1_103' title='bbox 491 1707 658 1763; x_wconf 87' lang='lat' dir='ltr'><strong>duplex</strong></span> <span class='ocrx_word' id='word_1_104' title='bbox 687 1708 763 1751; x_wconf 86' lang='lat' dir='ltr'><strong>lex</strong></span> <span class='ocrx_word' id='word_1_105' title='bbox 795 1711 893 1752; x_wconf 87' lang='lat'>698.</span> 
     </span>
     <span class='ocr_line' id='line_1_24' title="bbox 140 1765 707 1809; baseline 0.005 -3"><span class='ocrx_word' id='word_1_106' title='bbox 140 1788 194 1795; x_wconf 94' lang='lat'>—</span> <span class='ocrx_word' id='word_1_107' title='bbox 223 1765 270 1806; x_wconf 92' lang='lat' dir='ltr'><strong>in</strong></span> <span class='ocrx_word' id='word_1_108' title='bbox 299 1765 375 1807; x_wconf 85' lang='lat' dir='ltr'><strong>via</strong></span> <span class='ocrx_word' id='word_1_109' title='bbox 405 1766 575 1808; x_wconf 89' lang='lat' dir='ltr'><strong>ereccio</strong></span> <span class='ocrx_word' id='word_1_110' title='bbox 608 1768 707 1809; x_wconf 92' lang='lat'>202.</span> 
     </span>
    </p>
   </div>
   <div class='ocr_carea' id='block_1_10' title="bbox 82 1823 1063 1879">
    <p class='ocr_par' dir='ltr' id='par_1_16' title="bbox 82 1823 1063 1879">
     <span class='ocr_line' id='line_1_25' title="bbox 82 1823 1063 1879; baseline 0.005 -15"><span class='ocrx_word' id='word_1_111' title='bbox 82 1823 83 1826; x_wconf 71' lang='grc'>’</span> <span class='ocrx_word' id='word_1_112' title='bbox 139 1847 193 1856; x_wconf 93' lang='grc'><strong>--</strong></span> <span class='ocrx_word' id='word_1_113' title='bbox 223 1823 442 1879; x_wconf 84' lang='lat' dir='ltr'><strong>inferioris</strong></span> <span class='ocrx_word' id='word_1_114' title='bbox 473 1825 647 1867; x_wconf 91' lang='lat' dir='ltr'><strong>dotacio</strong></span> <span class='ocrx_word' id='word_1_115' title='bbox 678 1839 770 1868; x_wconf 92' lang='lat' dir='ltr'><strong>non</strong></span> <span class='ocrx_word' id='word_1_116' title='bbox 800 1827 924 1869; x_wconf 90' lang='lat' dir='ltr'><strong>valet</strong></span> <span class='ocrx_word' id='word_1_117' title='bbox 964 1828 1063 1869; x_wconf 87' lang='grc'><strong>249.</strong></span> 
     </span>
    </p>
   </div>
   <div class='ocr_carea' id='block_1_11' title="bbox 141 1882 755 1986">
    <p class='ocr_par' dir='ltr' id='par_1_17' title="bbox 141 1882 755 1986">
     <span class='ocr_line' id='line_1_26' title="bbox 144 1882 747 1939; baseline 0.007 -16"><span class='ocrx_word' id='word_1_118' title='bbox 144 1905 194 1912; x_wconf 94' lang='grc'><strong>-</strong></span> <span class='ocrx_word' id='word_1_119' title='bbox 226 1882 274 1923; x_wconf 90' lang='lat' dir='ltr'><strong>in</strong></span> <span class='ocrx_word' id='word_1_120' title='bbox 303 1882 405 1939; x_wconf 88' lang='lat' dir='ltr'><strong>lege</strong></span> <span class='ocrx_word' id='word_1_121' title='bbox 436 1883 644 1926; x_wconf 90' lang='lat' dir='ltr'><strong>fundacio</strong></span> <span class='ocrx_word' id='word_1_122' title='bbox 678 1886 747 1927; x_wconf 89' lang='grc'><strong>89.</strong></span> 
     </span>
     <span class='ocr_line' id='line_1_27' title="bbox 141 1941 755 1986; baseline 0.007 -4"><span class='ocrx_word' id='word_1_123' title='bbox 141 1963 186 1972; x_wconf 88' lang='lat'><strong>——</strong></span> <span class='ocrx_word' id='word_1_124' title='bbox 224 1941 469 1984; x_wconf 88' lang='lat' dir='ltr'><strong>donacione</strong></span> <span class='ocrx_word' id='word_1_125' title='bbox 499 1943 626 1984; x_wconf 91' lang='lat' dir='ltr'><strong>abuti</strong></span> <span class='ocrx_word' id='word_1_126' title='bbox 656 1944 755 1986; x_wconf 92' lang='lat'>247.</span> 
     </span>
    </p>
   </div>
   <div class='ocr_carea' id='block_1_12' title="bbox 25 1981 764 2115">
    <p class='ocr_par' dir='ltr' id='par_1_18' title="bbox 25 1981 764 2115">
     <span class='ocr_line' id='line_1_28' title="bbox 25 1981 738 2056; baseline 0.007 -17"><span class='ocrx_word' id='word_1_127' title='bbox 25 1981 38 2047; x_wconf 63' lang='lat' dir='ltr'><strong>f.</strong></span> <span class='ocrx_word' id='word_1_128' title='bbox 139 2022 192 2030; x_wconf 87' lang='lat'><em>-</em></span> <span class='ocrx_word' id='word_1_129' title='bbox 218 1999 335 2056; x_wconf 65' lang='lat' dir='ltr'><strong>{egis</strong></span> <span class='ocrx_word' id='word_1_130' title='bbox 364 2001 607 2056; x_wconf 83' lang='lat' dir='ltr'><strong>complecio</strong></span> <span class='ocrx_word' id='word_1_131' title='bbox 642 2003 738 2044; x_wconf 84' lang='lat'>102.</span> 
     </span>
     <span class='ocr_line' id='line_1_29' title="bbox 67 2060 764 2115; baseline 0.007 -17"><span class='ocrx_word' id='word_1_132' title='bbox 67 2079 73 2083; x_wconf 47' lang='grc' dir='ltr'>ν</span> <span class='ocrx_word' id='word_1_133' title='bbox 135 2081 192 2093; x_wconf 83' lang='lat'><strong>..-</strong></span> <span class='ocrx_word' id='word_1_134' title='bbox 222 2063 386 2101; x_wconf 85' lang='lat' dir='ltr'><strong>nocent</strong></span> <span class='ocrx_word' id='word_1_135' title='bbox 415 2060 499 2101; x_wconf 92' lang='lat' dir='ltr'><strong>sibi</strong></span> <span class='ocrx_word' id='word_1_136' title='bbox 527 2060 634 2115; x_wconf 90' lang='lat' dir='ltr'><strong>ipsis</strong></span> <span class='ocrx_word' id='word_1_137' title='bbox 664 2061 764 2103; x_wconf 90' lang='lat'>247.</span> 
     </span>
    </p>
   </div>
   <div class='ocr_carea' id='block_1_13' title="bbox 66 2116 1122 2686">
    <p class='ocr_par' dir='ltr' id='par_1_19' title="bbox 66 2116 1122 2686">
     <span class='ocr_line' id='line_1_30' title="bbox 67 2116 803 2162; baseline 0.007 -5"><span class='ocrx_word' id='word_1_138' title='bbox 67 2116 77 2154; x_wconf 71' lang='lat'><strong>&#39;,</strong></span> <span class='ocrx_word' id='word_1_139' title='bbox 136 2139 191 2148; x_wconf 90' lang='lat'>—</span> <span class='ocrx_word' id='word_1_140' title='bbox 222 2118 512 2160; x_wconf 90' lang='lat' dir='ltr'><strong>consenciunt</strong></span> <span class='ocrx_word' id='word_1_141' title='bbox 541 2120 673 2161; x_wconf 87' lang='lat' dir='ltr'><strong>sectis</strong></span> <span class='ocrx_word' id='word_1_142' title='bbox 706 2120 803 2162; x_wconf 89' lang='lat'>137.</span> 
     </span>
     <span class='ocr_line' id='line_1_31' title="bbox 74 2174 1122 2233; baseline 0.009 -17"><span class='ocrx_word' id='word_1_143' title='bbox 74 2174 78 2181; x_wconf 91' lang='lat'>&#39;</span> <span class='ocrx_word' id='word_1_144' title='bbox 137 2198 192 2206; x_wconf 92' lang='lat'><strong>—-</strong></span> <span class='ocrx_word' id='word_1_145' title='bbox 220 2176 443 2219; x_wconf 88' lang='lat' dir='ltr'><strong>seculares</strong></span> <span class='ocrx_word' id='word_1_146' title='bbox 472 2178 554 2219; x_wconf 93' lang='lat' dir='ltr'><strong>sub</strong></span> <span class='ocrx_word' id='word_1_147' title='bbox 584 2191 704 2233; x_wconf 91' lang='lat' dir='ltr'><strong>pena</strong></span> <span class='ocrx_word' id='word_1_148' title='bbox 731 2180 1029 2224; x_wconf 85' lang='lat' dir='ltr'><strong>anathematis</strong></span> <span class='ocrx_word' id='word_1_149' title='bbox 1059 2188 1122 2224; x_wconf 92' lang='lat' dir='ltr'><strong>te-</strong></span> 
     </span>
     <span class='ocr_line' id='line_1_32' title="bbox 191 2237 484 2278; baseline 0.01 -3"><span class='ocrx_word' id='word_1_150' title='bbox 191 2239 355 2276; x_wconf 90' lang='lat' dir='ltr'><strong>nentur</strong></span> <span class='ocrx_word' id='word_1_151' title='bbox 385 2237 484 2278; x_wconf 87' lang='grc'><strong>382.</strong></span> 
     </span>
     <span class='ocr_line' id='line_1_33' title="bbox 136 2294 1000 2351; baseline 0.008 -17"><span class='ocrx_word' id='word_1_152' title='bbox 136 2315 191 2327; x_wconf 89' lang='lat'><strong>·-</strong></span> <span class='ocrx_word' id='word_1_153' title='bbox 220 2294 414 2349; x_wconf 84' lang='lat' dir='ltr'><strong>supremi</strong></span> <span class='ocrx_word' id='word_1_154' title='bbox 441 2294 631 2337; x_wconf 80' lang='lat' dir='ltr'><strong>licencia</strong></span> <span class='ocrx_word' id='word_1_155' title='bbox 660 2297 865 2351; x_wconf 88' lang='lat' dir='ltr'><strong>specialis</strong></span> <span class='ocrx_word' id='word_1_156' title='bbox 902 2299 1000 2341; x_wconf 91' lang='grc'><strong>249.</strong></span> 
     </span>
     <span class='ocr_line' id='line_1_34' title="bbox 79 2353 1121 2408; baseline 0.009 -16"><span class='ocrx_word' id='word_1_157' title='bbox 79 2399 81 2404; x_wconf 30' lang='grc' dir='ltr'>Ι</span> <span class='ocrx_word' id='word_1_158' title='bbox 135 2374 189 2381; x_wconf 90' lang='grc'>-</span> <span class='ocrx_word' id='word_1_159' title='bbox 209 2353 477 2408; x_wconf 88' lang='lat' dir='ltr'><strong>temporales</strong></span> <span class='ocrx_word' id='word_1_160' title='bbox 493 2354 768 2397; x_wconf 90' lang='lat' dir='ltr'><strong>dimitterent</strong></span> <span class='ocrx_word' id='word_1_161' title='bbox 783 2357 951 2400; x_wconf 90' lang='lat' dir='ltr'><strong>bellare</strong></span> <span class='ocrx_word' id='word_1_162' title='bbox 968 2364 1121 2400; x_wconf 90' lang='lat' dir='ltr'><strong>contra</strong></span> 
     </span>
     <span class='ocr_line' id='line_1_35' title="bbox 74 2414 645 2467; baseline 0.009 -16"><span class='ocrx_word' id='word_1_163' title='bbox 74 2463 75 2466; x_wconf 7' lang='grc' dir='ltr'><strong>Ἰ</strong></span> <span class='ocrx_word' id='word_1_164' title='bbox 189 2423 331 2467; x_wconf 83' lang='lat' dir='ltr'><strong>regna</strong></span> <span class='ocrx_word' id='word_1_165' title='bbox 361 2417 516 2454; x_wconf 90' lang='lat' dir='ltr'><strong>extera</strong></span> <span class='ocrx_word' id='word_1_166' title='bbox 548 2414 645 2456; x_wconf 89' lang='lat'>138.</span> 
     </span>
     <span class='ocr_line' id='line_1_36' title="bbox 134 2471 1120 2529; baseline 0.008 -19"><span class='ocrx_word' id='word_1_167' title='bbox 134 2491 188 2499; x_wconf 95' lang='lat'><strong>—</strong></span> <span class='ocrx_word' id='word_1_168' title='bbox 217 2471 486 2525; x_wconf 86' lang='lat' dir='ltr'><strong>temporales</strong></span> <span class='ocrx_word' id='word_1_169' title='bbox 517 2471 684 2514; x_wconf 92' lang='lat' dir='ltr'><strong>debent</strong></span> <span class='ocrx_word' id='word_1_170' title='bbox 712 2478 928 2529; x_wconf 89' lang='lat' dir='ltr'><strong>perpetue</strong></span> <span class='ocrx_word' id='word_1_171' title='bbox 959 2475 1120 2518; x_wconf 89' lang='lat' dir='ltr'><strong>hereti-</strong></span> 
     </span>
     <span class='ocr_line' id='line_1_37' title="bbox 189 2529 652 2573; baseline 0.006 -3"><span class='ocrx_word' id='word_1_172' title='bbox 189 2541 263 2570; x_wconf 91' lang='lat' dir='ltr'><strong>cos</strong></span> <span class='ocrx_word' id='word_1_173' title='bbox 293 2529 521 2572; x_wconf 88' lang='lat' dir='ltr'><strong>destruere</strong></span> <span class='ocrx_word' id='word_1_174' title='bbox 551 2531 652 2573; x_wconf 88' lang='grc'><strong>432.</strong></span> 
     </span>
     <span class='ocr_line' id='line_1_38' title="bbox 66 2585 1119 2686; baseline 0.008 -59"><span class='ocrx_word' id='word_1_175' title='bbox 66 2641 70 2646; x_wconf 21' lang='grc' dir='ltr'><strong>Δ</strong></span> <span class='ocrx_word' id='word_1_176' title='bbox 131 2585 273 2686; x_wconf 73' lang='grc'><strong>(162-</strong></span> <span class='ocrx_word' id='word_1_177' title='bbox 303 2589 526 2644; x_wconf 89' lang='lat' dir='ltr'><strong>preceptis</strong></span> <span class='ocrx_word' id='word_1_178' title='bbox 564 2590 672 2645; x_wconf 89' lang='lat' dir='ltr'><strong>quid</strong></span> <span class='ocrx_word' id='word_1_179' title='bbox 712 2592 965 2634; x_wconf 89' lang='lat' dir='ltr'><strong>anticristus</strong></span> <span class='ocrx_word' id='word_1_180' title='bbox 1000 2593 1119 2635; x_wconf 90' lang='lat' dir='ltr'><strong>dicat</strong></span> 
     </span>
    </p>
   </div>
   <div class='ocr_carea' id='block_1_14' title="bbox 65 2705 918 2764">
    <p class='ocr_par' dir='ltr' id='par_1_20' title="bbox 65 2705 918 2764">
     <span class='ocr_line' id='line_1_39' title="bbox 65 2705 918 2764; baseline 0.008 -20"><span class='ocrx_word' id='word_1_181' title='bbox 65 2744 70 2755; x_wconf 62' lang='grc'>,</span> <span class='ocrx_word' id='word_1_182' title='bbox 130 2718 246 2746; x_wconf 85' lang='grc'><strong>-110</strong></span> <span class='ocrx_word' id='word_1_183' title='bbox 276 2710 438 2747; x_wconf 90' lang='lat' dir='ltr'><strong>cuncta</strong></span> <span class='ocrx_word' id='word_1_184' title='bbox 466 2705 580 2748; x_wconf 88' lang='lat' dir='ltr'><strong>fiunt</strong></span> <span class='ocrx_word' id='word_1_185' title='bbox 609 2708 788 2764; x_wconf 82' lang='lat' dir='ltr'><strong>cognita</strong></span> <span class='ocrx_word' id='word_1_186' title='bbox 819 2710 918 2751; x_wconf 89' lang='lat'>343.</span> 
     </span>
    </p>
   </div>
   <div class='ocr_carea' id='block_1_15' title="bbox 129 2765 1115 2877">
    <p class='ocr_par' dir='ltr' id='par_1_21' title="bbox 129 2765 1115 2877">
     <span class='ocr_line' id='line_1_40' title="bbox 129 2765 1115 2811; baseline 0.007 -7"><span class='ocrx_word' id='word_1_187' title='bbox 129 2774 158 2804; x_wconf 84' lang='lat' dir='ltr'><strong>a</strong></span> <span class='ocrx_word' id='word_1_188' title='bbox 188 2786 242 2793; x_wconf 89' lang='lat'>—</span> <span class='ocrx_word' id='word_1_189' title='bbox 274 2768 415 2806; x_wconf 89' lang='lat' dir='ltr'><strong>status</strong></span> <span class='ocrx_word' id='word_1_190' title='bbox 461 2765 650 2808; x_wconf 88' lang='lat' dir='ltr'><strong>ecclesie</strong></span> <span class='ocrx_word' id='word_1_191' title='bbox 696 2767 977 2810; x_wconf 87' lang='lat' dir='ltr'><strong>confirmatos</strong></span> <span class='ocrx_word' id='word_1_192' title='bbox 1019 2782 1115 2811; x_wconf 90' lang='lat' dir='ltr'><strong>esse</strong></span> 
     </span>
     <span class='ocr_line' id='line_1_41' title="bbox 186 2823 653 2877; baseline 0.009 -14"><span class='ocrx_word' id='word_1_193' title='bbox 186 2826 347 2877; x_wconf 89' lang='lat' dir='ltr'><strong>putant</strong></span> <span class='ocrx_word' id='word_1_194' title='bbox 377 2823 553 2866; x_wconf 91' lang='lat' dir='ltr'><strong>ordines</strong></span> <span class='ocrx_word' id='word_1_195' title='bbox 584 2826 653 2867; x_wconf 91' lang='grc'><strong>61.</strong></span> 
     </span>
    </p>
   </div>
   <div class='ocr_carea' id='block_1_16' title="bbox 67 2879 806 2930">
    <p class='ocr_par' dir='ltr' id='par_1_22' title="bbox 67 2879 806 2930">
     <span class='ocr_line' id='line_1_42' title="bbox 67 2879 806 2930; baseline 0.008 -10"><span class='ocrx_word' id='word_1_196' title='bbox 67 2927 69 2930; x_wconf 44' lang='grc'><strong>,</strong></span> <span class='ocrx_word' id='word_1_197' title='bbox 127 2879 175 2920; x_wconf 86' lang='grc'><strong>111</strong></span> <span class='ocrx_word' id='word_1_198' title='bbox 203 2903 259 2911; x_wconf 88' lang='grc'>-</span> <span class='ocrx_word' id='word_1_199' title='bbox 292 2881 469 2924; x_wconf 91' lang='lat' dir='ltr'><strong>ordines</strong></span> <span class='ocrx_word' id='word_1_200' title='bbox 499 2883 676 2925; x_wconf 84' lang='lat' dir='ltr'><strong>fundati</strong></span> <span class='ocrx_word' id='word_1_201' title='bbox 707 2885 806 2926; x_wconf 90' lang='grc'><strong>224.</strong></span> 
     </span>
    </p>
   </div>
   <div class='ocr_carea' id='block_1_17' title="bbox 129 2940 1048 3055">
    <p class='ocr_par' dir='ltr' id='par_1_23' title="bbox 129 2940 1048 3055">
     <span class='ocr_line' id='line_1_43' title="bbox 129 2940 1048 3000; baseline 0.008 -20"><span class='ocrx_word' id='word_1_202' title='bbox 129 2952 294 2981; x_wconf 92' lang='lat' dir='ltr'><strong>—num</strong></span> <span class='ocrx_word' id='word_1_203' title='bbox 325 2940 475 2983; x_wconf 91' lang='lat' dir='ltr'><strong>debite</strong></span> <span class='ocrx_word' id='word_1_204' title='bbox 505 2955 625 2998; x_wconf 89' lang='lat' dir='ltr'><strong>papa</strong></span> <span class='ocrx_word' id='word_1_205' title='bbox 654 2957 744 2985; x_wconf 92' lang='lat' dir='ltr'><strong>non</strong></span> <span class='ocrx_word' id='word_1_206' title='bbox 773 2943 919 3000; x_wconf 88' lang='lat' dir='ltr'><strong>diligit</strong></span> <span class='ocrx_word' id='word_1_207' title='bbox 952 2941 1048 2988; x_wconf 90' lang='grc'><strong>129.</strong></span> 
     </span>
     <span class='ocr_line' id='line_1_44' title="bbox 129 3003 630 3055; baseline 0.01 -16"><span class='ocrx_word' id='word_1_208' title='bbox 129 3019 184 3027; x_wconf 91' lang='grc'><strong>-</strong></span> <span class='ocrx_word' id='word_1_209' title='bbox 213 3003 334 3040; x_wconf 89' lang='lat' dir='ltr'><strong>secte</strong></span> <span class='ocrx_word' id='word_1_210' title='bbox 361 3006 532 3055; x_wconf 86' lang='lat' dir='ltr'><strong>negant</strong></span> <span class='ocrx_word' id='word_1_211' title='bbox 560 3003 630 3044; x_wconf 86' lang='lat'><strong>31.</strong></span> 
     </span>
    </p>
   </div>
   <div class='ocr_carea' id='block_1_18' title="bbox 2 3051 1116 3116">
    <p class='ocr_par' dir='ltr' id='par_1_24' title="bbox 2 3051 1116 3116">
     <span class='ocr_line' id='line_1_45' title="bbox 2 3051 1116 3116; baseline 0.004 -14"><span class='ocrx_word' id='word_1_212' title='bbox 2 3051 11 3102; x_wconf 83' lang='grc'><strong>.’</strong></span> <span class='ocrx_word' id='word_1_213' title='bbox 65 3062 69 3067; x_wconf 81' lang='grc'><strong><em>’</em></strong></span> <span class='ocrx_word' id='word_1_214' title='bbox 129 3077 184 3086; x_wconf 91' lang='grc'>-</span> <span class='ocrx_word' id='word_1_215' title='bbox 228 3059 522 3112; x_wconf 87' lang='lat' dir='ltr'><strong>temporalem</strong></span> <span class='ocrx_word' id='word_1_216' title='bbox 565 3059 768 3103; x_wconf 91' lang='lat' dir='ltr'><strong>homines</strong></span> <span class='ocrx_word' id='word_1_217' title='bbox 812 3061 912 3116; x_wconf 91' lang='lat' dir='ltr'><strong>plus</strong></span> <span class='ocrx_word' id='word_1_218' title='bbox 955 3063 1116 3108; x_wconf 89' lang='lat' dir='ltr'><strong>timent</strong></span> 
     </span>
    </p>
   </div>
   <div class='ocr_carea' id='block_1_19' title="bbox 185 3116 614 3170">
    <p class='ocr_par' dir='ltr' id='par_1_25' title="bbox 185 3116 614 3170">
     <span class='ocr_line' id='line_1_46' title="bbox 185 3116 614 3170; baseline 0.012 -14"><span class='ocrx_word' id='word_1_219' title='bbox 185 3128 319 3170; x_wconf 90' lang='lat' dir='ltr'><strong>quam</strong></span> <span class='ocrx_word' id='word_1_220' title='bbox 350 3116 483 3159; x_wconf 87' lang='lat' dir='ltr'><strong>deum</strong></span> <span class='ocrx_word' id='word_1_221' title='bbox 514 3118 614 3161; x_wconf 94' lang='lat'>226.</span> 
     </span>
    </p>
   </div>
   <div class='ocr_carea' id='block_1_20' title="bbox 58 3177 781 3221">
    <p class='ocr_par' dir='ltr' id='par_1_26' title="bbox 58 3177 781 3221">
     <span class='ocr_line' id='line_1_47' title="bbox 58 3177 781 3221; baseline 0.01 -7"><span class='ocrx_word' id='word_1_222' title='bbox 58 3183 61 3193; x_wconf 66' lang='lat'><em>¹</em></span> <span class='ocrx_word' id='word_1_223' title='bbox 126 3178 280 3216; x_wconf 89' lang='lat' dir='ltr'><strong>contra</strong></span> <span class='ocrx_word' id='word_1_224' title='bbox 309 3198 364 3206; x_wconf 90' lang='lat'>—</span> <span class='ocrx_word' id='word_1_225' title='bbox 396 3177 650 3220; x_wconf 87' lang='lat' dir='ltr'><strong>mendicare</strong></span> <span class='ocrx_word' id='word_1_226' title='bbox 682 3179 781 3221; x_wconf 91' lang='grc'><strong>367.</strong></span> 
     </span>
    </p>
   </div>
   <div class='ocr_carea' id='block_1_21' title="bbox 125 3230 1111 3405">
    <p class='ocr_par' dir='ltr' id='par_1_27' title="bbox 125 3230 1097 3405">
     <span class='ocr_line' id='line_1_48' title="bbox 125 3230 598 3279; baseline 0.013 -6"><span class='ocrx_word' id='word_1_227' title='bbox 125 3230 173 3273; x_wconf 88' lang='lat' dir='ltr'><strong>in</strong></span> <span class='ocrx_word' id='word_1_228' title='bbox 203 3258 258 3265; x_wconf 91' lang='lat'><strong>—</strong></span> <span class='ocrx_word' id='word_1_229' title='bbox 291 3235 469 3277; x_wconf 89' lang='lat' dir='ltr'><strong>mentiri</strong></span> <span class='ocrx_word' id='word_1_230' title='bbox 499 3237 598 3279; x_wconf 89' lang='grc'><strong>349.</strong></span> 
     </span>
     <span class='ocr_line' id='line_1_49' title="bbox 125 3279 1111 3345; baseline 0.007 -13"><span class='ocrx_word' id='word_1_231' title='bbox 125 3303 206 3345; x_wconf 87' lang='lat' dir='ltr'><strong>per</strong></span> <span class='ocrx_word' id='word_1_232' title='bbox 234 3315 289 3322; x_wconf 95' lang='lat'><strong>—</strong></span> <span class='ocrx_word' id='word_1_233' title='bbox 323 3298 443 3335; x_wconf 91' lang='lat' dir='ltr'><strong>secte</strong></span> <span class='ocrx_word' id='word_1_234' title='bbox 473 3308 563 3336; x_wconf 90' lang='lat' dir='ltr'><strong>non</strong></span> <span class='ocrx_word' id='word_1_235' title='bbox 592 3299 697 3337; x_wconf 90' lang='lat' dir='ltr'><strong>sunt</strong></span> <span class='ocrx_word' id='word_1_236' title='bbox 730 3279 981 3338; x_wconf 90' lang='lat' dir='ltr'><strong>introducte</strong></span> <span class='ocrx_word' id='word_1_237' title='bbox 1014 3297 1111 3340; x_wconf 91' lang='grc'><strong>176.</strong></span> 
     </span>
     <span class='ocr_line' id='line_1_50' title="bbox 125 3353 914 3405; baseline 0.008 -14"><span class='ocrx_word' id='word_1_238' title='bbox 125 3361 259 3405; x_wconf 87' lang='lat' dir='ltr'><strong>super</strong></span> <span class='ocrx_word' id='word_1_239' title='bbox 288 3373 343 3381; x_wconf 89' lang='lat'><strong>—</strong></span> <span class='ocrx_word' id='word_1_240' title='bbox 375 3353 576 3395; x_wconf 89' lang='lat' dir='ltr'><strong>veritatis</strong></span> <span class='ocrx_word' id='word_1_241' title='bbox 606 3355 785 3396; x_wconf 88' lang='lat' dir='ltr'><strong>mentiri</strong></span> <span class='ocrx_word' id='word_1_242' title='bbox 815 3356 914 3397; x_wconf 88' lang='lat'>309.</span> 
     </span>
    </p>
   </div>
   <div class='ocr_carea' id='block_1_22' title="bbox 8 3390 1113 3466">
    <p class='ocr_par' dir='ltr' id='par_1_28' title="bbox 8 3390 1113 3466">
     <span class='ocr_line' id='line_1_51' title="bbox 8 3390 1113 3466; baseline 0.006 -17"><span class='ocrx_word' id='word_1_243' title='bbox 8 3390 15 3421; x_wconf 63' lang='lat'><em>³</em></span> <span class='ocrx_word' id='word_1_244' title='bbox 51 3398 58 3415; x_wconf 71' lang='lat'><em>³</em></span> <span class='ocrx_word' id='word_1_245' title='bbox 127 3422 310 3451; x_wconf 87' lang='lat' dir='ltr'><strong>—orum</strong></span> <span class='ocrx_word' id='word_1_246' title='bbox 341 3411 473 3466; x_wconf 90' lang='lat' dir='ltr'><strong>culpa</strong></span> <span class='ocrx_word' id='word_1_247' title='bbox 502 3412 710 3455; x_wconf 73' lang='lat' dir='ltr'><strong>statribus</strong></span> <span class='ocrx_word' id='word_1_248' title='bbox 748 3418 816 3455; x_wconf 90' lang='lat' dir='ltr'><strong>est</strong></span> <span class='ocrx_word' id='word_1_249' title='bbox 851 3413 1113 3456; x_wconf 86' lang='lat' dir='ltr'><strong>ascribenda</strong></span> 
     </span>
    </p>
   </div>
   <div class='ocr_carea' id='block_1_23' title="bbox 183 3467 282 3510">
    <p class='ocr_par' dir='ltr' id='par_1_29' title="bbox 183 3467 282 3510">
     <span class='ocr_line' id='line_1_52' title="bbox 183 3467 282 3510; baseline 0.02 -2"><span class='ocrx_word' id='word_1_250' title='bbox 183 3467 282 3510; x_wconf 86' lang='lat'>255.</span> 
     </span>
    </p>
   </div>
   <div class='ocr_carea' id='block_1_24' title="bbox 8 3511 1108 3634">
    <p class='ocr_par' dir='ltr' id='par_1_30' title="bbox 8 3508 1108 3634">
     <span class='ocr_line' id='line_1_53' title="bbox 8 3511 896 3573; baseline 0.008 -7"><span class='ocrx_word' id='word_1_251' title='bbox 8 3511 10 3513; x_wconf 33' lang='lat'>¹</span> <span class='ocrx_word' id='word_1_252' title='bbox 125 3547 180 3554; x_wconf 97' lang='lat'>—</span> <span class='ocrx_word' id='word_1_253' title='bbox 212 3531 258 3568; x_wconf 89' lang='lat' dir='ltr'><strong>et</strong></span> <span class='ocrx_word' id='word_1_254' title='bbox 287 3526 566 3570; x_wconf 89' lang='lat' dir='ltr'><strong>dominarum</strong></span> <span class='ocrx_word' id='word_1_255' title='bbox 596 3529 796 3572; x_wconf 86' lang='lat' dir='ltr'><strong>suffulsio</strong></span> <span class='ocrx_word' id='word_1_256' title='bbox 828 3531 896 3573; x_wconf 92' lang='lat'><strong>72.</strong></span> 
     </span>
     <span class='ocr_line' id='line_1_54' title="bbox 29 3585 1108 3634; baseline 0.006 -6"><span class='ocrx_word' id='word_1_257' title='bbox 29 3609 47 3628; x_wconf 47' lang='grc' dir='ltr'>κ</span> <span class='ocrx_word' id='word_1_258' title='bbox 125 3605 180 3613; x_wconf 89' lang='grc'><strong>-</strong></span> <span class='ocrx_word' id='word_1_259' title='bbox 197 3585 465 3628; x_wconf 79' lang='lat' dir='ltr'><strong>secularium</strong></span> <span class='ocrx_word' id='word_1_260' title='bbox 480 3588 802 3631; x_wconf 88' lang='lat' dir='ltr'><strong>conscienciam</strong></span> <span class='ocrx_word' id='word_1_261' title='bbox 818 3603 997 3634; x_wconf 90' lang='lat' dir='ltr'><strong>movere</strong></span> <span class='ocrx_word' id='word_1_262' title='bbox 1009 3591 1108 3634; x_wconf 88' lang='grc'><strong>248.</strong></span> 
     </span>
    </p>
   </div>
   <div class='ocr_carea' id='block_1_25' title="bbox 1171 548 1175 701">
    <p class='ocr_par' dir='ltr' id='par_1_31' title="bbox 1171 548 1175 701">
     <span class='ocr_line' id='line_1_55' title="bbox 1171 548 1175 701; baseline 0 0"><span class='ocrx_word' id='word_1_263' title='bbox 1171 548 1175 701; x_wconf 95' lang='lat' dir='ltr'><strong> </strong></span> 
     </span>
    </p>
   </div>
   <div class='ocr_carea' id='block_1_26' title="bbox 1171 707 1175 843">
    <p class='ocr_par' dir='ltr' id='par_1_32' title="bbox 1171 707 1175 843">
     <span class='ocr_line' id='line_1_56' title="bbox 1171 707 1175 843; baseline 0 0"><span class='ocrx_word' id='word_1_264' title='bbox 1171 707 1175 843; x_wconf 95' lang='lat' dir='ltr'><strong> </strong></span> 
     </span>
    </p>
   </div>
   <div class='ocr_carea' id='block_1_27' title="bbox 2101 401 2201 449">
    <p class='ocr_par' dir='ltr' id='par_1_33' title="bbox 2101 401 2201 449">
     <span class='ocr_line' id='line_1_57' title="bbox 2101 401 2201 449; baseline -0.02 0"><span class='ocrx_word' id='word_1_265' title='bbox 2101 401 2201 449; x_wconf 92' lang='grc'><strong>751</strong></span> 
     </span>
    </p>
   </div>
   <div class='ocr_carea' id='block_1_28' title="bbox 1217 536 2205 591">
    <p class='ocr_par' dir='ltr' id='par_1_34' title="bbox 1217 536 2205 591">
     <span class='ocr_line' id='line_1_58' title="bbox 1217 536 2205 591; baseline 0.006 -15"><span class='ocrx_word' id='word_1_266' title='bbox 1217 537 1387 577; x_wconf 90' lang='lat' dir='ltr'><strong>Domus</strong></span> <span class='ocrx_word' id='word_1_267' title='bbox 1419 536 1566 577; x_wconf 85' lang='lat' dir='ltr'><strong>divitis</strong></span> <span class='ocrx_word' id='word_1_268' title='bbox 1587 536 1776 591; x_wconf 89' lang='lat' dir='ltr'><strong>dapiferi</strong></span> <span class='ocrx_word' id='word_1_269' title='bbox 1797 538 1978 579; x_wconf 88' lang='lat' dir='ltr'><strong>visitant</strong></span> <span class='ocrx_word' id='word_1_270' title='bbox 1998 545 2118 581; x_wconf 89' lang='lat' dir='ltr'><strong>secte</strong></span> <span class='ocrx_word' id='word_1_271' title='bbox 2137 541 2205 582; x_wconf 89' lang='lat'><strong>71.</strong></span> 
     </span>
    </p>
   </div>
   <div class='ocr_carea' id='block_1_29' title="bbox 1214 594 2206 1703">
    <p class='ocr_par' dir='ltr' id='par_1_35' title="bbox 1218 594 2077 649">
     <span class='ocr_line' id='line_1_59' title="bbox 1218 594 2077 649; baseline 0.005 -15"><span class='ocrx_word' id='word_1_272' title='bbox 1218 617 1273 623; x_wconf 90' lang='lat'>—</span> <span class='ocrx_word' id='word_1_273' title='bbox 1306 594 1395 635; x_wconf 90' lang='lat' dir='ltr'><strong>alte</strong></span> <span class='ocrx_word' id='word_1_274' title='bbox 1428 599 1473 635; x_wconf 90' lang='lat' dir='ltr'><strong>et</strong></span> <span class='ocrx_word' id='word_1_275' title='bbox 1503 600 1760 649; x_wconf 86' lang='lat' dir='ltr'><strong>sumptuose</strong></span> <span class='ocrx_word' id='word_1_276' title='bbox 1793 595 1976 637; x_wconf 88' lang='lat' dir='ltr'><strong>fratrum</strong></span> <span class='ocrx_word' id='word_1_277' title='bbox 2009 599 2077 639; x_wconf 87' lang='grc'><strong>39.</strong></span> 
     </span>
    </p>

    <p class='ocr_par' dir='ltr' id='par_1_36' title="bbox 1221 652 2206 752">
     <span class='ocr_line' id='line_1_60' title="bbox 1221 652 2206 709; baseline 0.005 -17"><span class='ocrx_word' id='word_1_278' title='bbox 1221 677 1271 682; x_wconf 92' lang='grc'>-</span> <span class='ocrx_word' id='word_1_279' title='bbox 1306 652 1491 693; x_wconf 87' lang='lat' dir='ltr'><strong>fratrum</strong></span> <span class='ocrx_word' id='word_1_280' title='bbox 1522 658 1779 707; x_wconf 89' lang='lat' dir='ltr'><strong>sumptuose</strong></span> <span class='ocrx_word' id='word_1_281' title='bbox 1819 666 1875 694; x_wconf 87' lang='lat' dir='ltr'><strong>ex</strong></span> <span class='ocrx_word' id='word_1_282' title='bbox 1910 655 2074 709; x_wconf 88' lang='lat' dir='ltr'><strong>rapinis</strong></span> <span class='ocrx_word' id='word_1_283' title='bbox 2105 670 2206 697; x_wconf 90' lang='lat' dir='ltr'><strong>con-</strong></span> 
     </span>
     <span class='ocr_line' id='line_1_61' title="bbox 1276 712 1542 752; baseline 0.004 -1"><span class='ocrx_word' id='word_1_284' title='bbox 1276 715 1441 751; x_wconf 89' lang='lat' dir='ltr'><strong>structe</strong></span> <span class='ocrx_word' id='word_1_285' title='bbox 1474 712 1542 752; x_wconf 87' lang='lat'>69.</span> 
     </span>
    </p>

    <p class='ocr_par' dir='ltr' id='par_1_37' title="bbox 1220 769 1618 811">
     <span class='ocr_line' id='line_1_62' title="bbox 1220 769 1618 811; baseline 0.003 -1"><span class='ocrx_word' id='word_1_286' title='bbox 1220 792 1273 799; x_wconf 91' lang='lat'>—</span> <span class='ocrx_word' id='word_1_287' title='bbox 1306 769 1492 810; x_wconf 86' lang='lat' dir='ltr'><strong>fratrum</strong></span> <span class='ocrx_word' id='word_1_288' title='bbox 1521 771 1618 811; x_wconf 88' lang='lat'>367.</span> 
     </span>
    </p>

    <p class='ocr_par' dir='ltr' id='par_1_38' title="bbox 1220 827 2206 928">
     <span class='ocr_line' id='line_1_63' title="bbox 1220 827 2206 883; baseline 0.004 -15"><span class='ocrx_word' id='word_1_289' title='bbox 1220 849 1271 855; x_wconf 89' lang='lat'>—</span> <span class='ocrx_word' id='word_1_290' title='bbox 1307 827 1493 868; x_wconf 88' lang='lat' dir='ltr'><strong>fratrum</strong></span> <span class='ocrx_word' id='word_1_291' title='bbox 1531 832 1788 882; x_wconf 89' lang='lat' dir='ltr'><strong>sumptuose</strong></span> <span class='ocrx_word' id='word_1_292' title='bbox 1827 841 1882 869; x_wconf 90' lang='lat' dir='ltr'><strong>ex</strong></span> <span class='ocrx_word' id='word_1_293' title='bbox 1912 829 2076 883; x_wconf 89' lang='lat' dir='ltr'><strong>rapinis</strong></span> <span class='ocrx_word' id='word_1_294' title='bbox 2108 831 2206 872; x_wconf 92' lang='lat' dir='ltr'><strong>sub-</strong></span> 
     </span>
     <span class='ocr_line' id='line_1_64' title="bbox 1275 886 1528 928; baseline 0.004 -2"><span class='ocrx_word' id='word_1_295' title='bbox 1275 886 1427 927; x_wconf 92' lang='lat' dir='ltr'><strong>tilibus</strong></span> <span class='ocrx_word' id='word_1_296' title='bbox 1460 887 1528 928; x_wconf 88' lang='lat'>69.</span> 
     </span>
    </p>

    <p class='ocr_par' dir='ltr' id='par_1_39' title="bbox 1219 944 2204 999">
     <span class='ocr_line' id='line_1_65' title="bbox 1219 944 2204 999; baseline 0.003 -14"><span class='ocrx_word' id='word_1_297' title='bbox 1219 968 1273 973; x_wconf 90' lang='lat'><strong>——</strong></span> <span class='ocrx_word' id='word_1_298' title='bbox 1306 957 1524 999; x_wconf 88' lang='lat' dir='ltr'><strong>pauperes</strong></span> <span class='ocrx_word' id='word_1_299' title='bbox 1546 958 1636 986; x_wconf 91' lang='lat' dir='ltr'><strong>non</strong></span> <span class='ocrx_word' id='word_1_300' title='bbox 1657 944 1895 986; x_wconf 88' lang='lat' dir='ltr'><strong>visitantur</strong></span> <span class='ocrx_word' id='word_1_301' title='bbox 1915 957 1942 986; x_wconf 90' lang='lat' dir='ltr'><strong>a</strong></span> <span class='ocrx_word' id='word_1_302' title='bbox 1973 946 2102 987; x_wconf 89' lang='lat' dir='ltr'><strong>sectis</strong></span> <span class='ocrx_word' id='word_1_303' title='bbox 2137 948 2204 989; x_wconf 89' lang='lat'><strong>70.</strong></span> 
     </span>
    </p>

    <p class='ocr_par' dir='ltr' id='par_1_40' title="bbox 1219 1003 1881 1045">
     <span class='ocr_line' id='line_1_66' title="bbox 1219 1003 1881 1045; baseline 0.002 -1"><span class='ocrx_word' id='word_1_304' title='bbox 1219 1017 1447 1045; x_wconf 89' lang='lat' dir='ltr'><strong>——morum</strong></span> <span class='ocrx_word' id='word_1_305' title='bbox 1479 1003 1751 1044; x_wconf 89' lang='lat' dir='ltr'><strong>construccio</strong></span> <span class='ocrx_word' id='word_1_306' title='bbox 1784 1005 1881 1045; x_wconf 86' lang='lat'>711.</span> 
     </span>
    </p>

    <p class='ocr_par' dir='ltr' id='par_1_41' title="bbox 1217 1061 1934 1116">
     <span class='ocr_line' id='line_1_67' title="bbox 1217 1061 1934 1116; baseline 0.001 -14"><span class='ocrx_word' id='word_1_307' title='bbox 1217 1062 1419 1104; x_wconf 91' lang='lat' dir='ltr'><strong>Donacio</strong></span> <span class='ocrx_word' id='word_1_308' title='bbox 1450 1075 1531 1116; x_wconf 91' lang='lat' dir='ltr'><strong>per</strong></span> <span class='ocrx_word' id='word_1_309' title='bbox 1562 1062 1693 1103; x_wconf 90' lang='lat' dir='ltr'><strong>deum</strong></span> <span class='ocrx_word' id='word_1_310' title='bbox 1727 1061 1805 1103; x_wconf 89' lang='lat' dir='ltr'><strong>fiat</strong></span> <span class='ocrx_word' id='word_1_311' title='bbox 1836 1063 1934 1104; x_wconf 91' lang='lat'>373.</span> 
     </span>
    </p>

    <p class='ocr_par' dir='ltr' id='par_1_42' title="bbox 1218 1121 2161 1164">
     <span class='ocr_line' id='line_1_68' title="bbox 1218 1121 2161 1164; baseline 0.002 -2"><span class='ocrx_word' id='word_1_312' title='bbox 1218 1144 1272 1150; x_wconf 91' lang='lat'><strong>—</strong></span> <span class='ocrx_word' id='word_1_313' title='bbox 1305 1121 1573 1162; x_wconf 87' lang='lat' dir='ltr'><strong>secularium</strong></span> <span class='ocrx_word' id='word_1_314' title='bbox 1604 1121 1785 1162; x_wconf 91' lang='lat' dir='ltr'><strong>cottidie</strong></span> <span class='ocrx_word' id='word_1_315' title='bbox 1816 1121 2031 1162; x_wconf 86' lang='lat' dir='ltr'><strong>innovata</strong></span> <span class='ocrx_word' id='word_1_316' title='bbox 2063 1122 2161 1164; x_wconf 80' lang='lat'>373.</span> 
     </span>
    </p>

    <p class='ocr_par' dir='ltr' id='par_1_43' title="bbox 1219 1179 2205 1279">
     <span class='ocr_line' id='line_1_69' title="bbox 1219 1179 2205 1222; baseline 0.002 -2"><span class='ocrx_word' id='word_1_317' title='bbox 1219 1203 1272 1208; x_wconf 91' lang='lat'><strong>——</strong></span> <span class='ocrx_word' id='word_1_318' title='bbox 1305 1193 1395 1221; x_wconf 90' lang='lat' dir='ltr'><strong>non</strong></span> <span class='ocrx_word' id='word_1_319' title='bbox 1432 1179 1555 1221; x_wconf 91' lang='lat' dir='ltr'><strong>valet</strong></span> <span class='ocrx_word' id='word_1_320' title='bbox 1592 1179 1678 1220; x_wconf 93' lang='lat' dir='ltr'><strong>nisi</strong></span> <span class='ocrx_word' id='word_1_321' title='bbox 1715 1179 1868 1221; x_wconf 87' lang='lat' dir='ltr'><strong>habita</strong></span> <span class='ocrx_word' id='word_1_322' title='bbox 1904 1179 2092 1222; x_wconf 90' lang='lat' dir='ltr'><strong>licencia</strong></span> <span class='ocrx_word' id='word_1_323' title='bbox 2131 1181 2205 1222; x_wconf 93' lang='lat' dir='ltr'><strong>do-</strong></span> 
     </span>
     <span class='ocr_line' id='line_1_70' title="bbox 1275 1238 1512 1279; baseline 0.004 -1"><span class='ocrx_word' id='word_1_324' title='bbox 1275 1238 1383 1278; x_wconf 91' lang='lat' dir='ltr'><strong>mini</strong></span> <span class='ocrx_word' id='word_1_325' title='bbox 1415 1239 1512 1279; x_wconf 89' lang='lat'>704.</span> 
     </span>
    </p>

    <p class='ocr_par' dir='ltr' id='par_1_44' title="bbox 1214 1296 2206 1397">
     <span class='ocr_line' id='line_1_71' title="bbox 1214 1296 2206 1373; baseline 0.002 -36"><span class='ocrx_word' id='word_1_326' title='bbox 1214 1297 1395 1338; x_wconf 90' lang='lat' dir='ltr'><strong>Donare</strong></span> <span class='ocrx_word' id='word_1_327' title='bbox 1426 1296 1670 1351; x_wconf 90' lang='lat' dir='ltr'><strong>quidquam</strong></span> <span class='ocrx_word' id='word_1_328' title='bbox 1717 1296 1846 1338; x_wconf 90' lang='lat' dir='ltr'><strong>alteri</strong></span> <span class='ocrx_word' id='word_1_329' title='bbox 1882 1297 1976 1338; x_wconf 91' lang='lat' dir='ltr'><strong>sine</strong></span> <span class='ocrx_word' id='word_1_330' title='bbox 2017 1297 2206 1373; x_wconf 90' lang='lat' dir='ltr'><strong>licencia</strong></span> 
     </span>
     <span class='ocr_line' id='line_1_72' title="bbox 1275 1355 1732 1397; baseline 0 -1"><span class='ocrx_word' id='word_1_331' title='bbox 1275 1355 1348 1396; x_wconf 88' lang='lat' dir='ltr'><strong>dei</strong></span> <span class='ocrx_word' id='word_1_332' title='bbox 1378 1369 1467 1396; x_wconf 91' lang='lat' dir='ltr'><strong>non</strong></span> <span class='ocrx_word' id='word_1_333' title='bbox 1498 1355 1603 1397; x_wconf 92' lang='lat' dir='ltr'><strong>licet</strong></span> <span class='ocrx_word' id='word_1_334' title='bbox 1636 1355 1732 1396; x_wconf 89' lang='lat'>136.</span> 
     </span>
    </p>

    <p class='ocr_par' dir='ltr' id='par_1_45' title="bbox 1217 1413 2204 1528">
     <span class='ocr_line' id='line_1_73' title="bbox 1217 1413 2204 1471; baseline 0.003 -17"><span class='ocrx_word' id='word_1_335' title='bbox 1217 1419 1406 1455; x_wconf 91' lang='lat' dir='ltr'><strong>—netur</strong></span> <span class='ocrx_word' id='word_1_336' title='bbox 1451 1413 1655 1455; x_wconf 87' lang='lat' dir='ltr'><strong>fidelibus</strong></span> <span class='ocrx_word' id='word_1_337' title='bbox 1700 1413 1880 1465; x_wconf 89' lang='lat' dir='ltr'><strong>iniuria,</strong></span> <span class='ocrx_word' id='word_1_338' title='bbox 1935 1414 2039 1456; x_wconf 89' lang='lat' dir='ltr'><strong>licet</strong></span> <span class='ocrx_word' id='word_1_339' title='bbox 2079 1415 2204 1471; x_wconf 83' lang='lat' dir='ltr'><strong>leges</strong></span> 
     </span>
     <span class='ocr_line' id='line_1_74' title="bbox 1274 1472 1828 1528; baseline -0.004 -14"><span class='ocrx_word' id='word_1_340' title='bbox 1274 1473 1457 1528; x_wconf 89' lang='lat' dir='ltr'><strong>papales</strong></span> <span class='ocrx_word' id='word_1_341' title='bbox 1490 1472 1699 1513; x_wconf 89' lang='lat' dir='ltr'><strong>deficiant</strong></span> <span class='ocrx_word' id='word_1_342' title='bbox 1729 1473 1828 1514; x_wconf 89' lang='lat'>277.</span> 
     </span>
    </p>

    <p class='ocr_par' dir='ltr' id='par_1_46' title="bbox 1214 1531 2202 1632">
     <span class='ocr_line' id='line_1_75' title="bbox 1214 1531 2202 1586; baseline 0.002 -14"><span class='ocrx_word' id='word_1_343' title='bbox 1214 1531 1395 1573; x_wconf 93' lang='lat' dir='ltr'><strong>Donum</strong></span> <span class='ocrx_word' id='word_1_344' title='bbox 1425 1531 1661 1586; x_wconf 87' lang='lat' dir='ltr'><strong>septuplex</strong></span> <span class='ocrx_word' id='word_1_345' title='bbox 1702 1535 1769 1572; x_wconf 91' lang='lat' dir='ltr'><strong>est</strong></span> <span class='ocrx_word' id='word_1_346' title='bbox 1805 1543 2022 1586; x_wconf 85' lang='lat' dir='ltr'><strong>organum</strong></span> <span class='ocrx_word' id='word_1_347' title='bbox 2051 1532 2202 1574; x_wconf 89' lang='lat' dir='ltr'><strong>imme-</strong></span> 
     </span>
     <span class='ocr_line' id='line_1_76' title="bbox 1273 1590 1576 1632; baseline 0 -1"><span class='ocrx_word' id='word_1_348' title='bbox 1273 1590 1443 1632; x_wconf 91' lang='lat' dir='ltr'><strong>diatum</strong></span> <span class='ocrx_word' id='word_1_349' title='bbox 1477 1591 1576 1632; x_wconf 91' lang='lat'>209.</span> 
     </span>
    </p>

    <p class='ocr_par' dir='ltr' id='par_1_47' title="bbox 1215 1647 2204 1703">
     <span class='ocr_line' id='line_1_77' title="bbox 1215 1647 2204 1703; baseline -0.001 -12"><span class='ocrx_word' id='word_1_350' title='bbox 1215 1673 1270 1678; x_wconf 90' lang='lat'><em>-</em></span> <span class='ocrx_word' id='word_1_351' title='bbox 1303 1649 1548 1691; x_wconf 87' lang='lat' dir='ltr'><strong>secundum</strong></span> <span class='ocrx_word' id='word_1_352' title='bbox 1587 1648 1765 1703; x_wconf 88' lang='lat' dir='ltr'><strong>spiritus</strong></span> <span class='ocrx_word' id='word_1_353' title='bbox 1811 1647 2064 1690; x_wconf 88' lang='lat' dir='ltr'><strong>intellectus</strong></span> <span class='ocrx_word' id='word_1_354' title='bbox 2101 1649 2204 1690; x_wconf 90' lang='lat' dir='ltr'><strong>dici-</strong></span> 
     </span>
    </p>
   </div>
   <div class='ocr_carea' id='block_1_30' title="bbox 1209 1709 2201 2516">
    <p class='ocr_par' dir='ltr' id='par_1_48' title="bbox 1209 1709 2201 2516">
     <span class='ocr_line' id='line_1_78' title="bbox 1272 1709 1473 1751; baseline -0.01 -1"><span class='ocrx_word' id='word_1_355' title='bbox 1272 1713 1345 1750; x_wconf 88' lang='lat' dir='ltr'><strong>tur</strong></span> <span class='ocrx_word' id='word_1_356' title='bbox 1374 1709 1473 1751; x_wconf 89' lang='lat'>211.</span> 
     </span>
     <span class='ocr_line' id='line_1_79' title="bbox 1217 1765 2201 1820; baseline -0.001 -12"><span class='ocrx_word' id='word_1_357' title='bbox 1217 1781 1381 1808; x_wconf 80' lang='lat' dir='ltr'><strong>—num</strong></span> <span class='ocrx_word' id='word_1_358' title='bbox 1410 1766 1597 1808; x_wconf 91' lang='lat' dir='ltr'><strong>tercium</strong></span> <span class='ocrx_word' id='word_1_359' title='bbox 1629 1765 1702 1807; x_wconf 87' lang='lat' dir='ltr'><strong>dei</strong></span> <span class='ocrx_word' id='word_1_360' title='bbox 1733 1770 1800 1807; x_wconf 90' lang='lat' dir='ltr'><strong>est</strong></span> <span class='ocrx_word' id='word_1_361' title='bbox 1827 1765 2004 1820; x_wconf 89' lang='lat' dir='ltr'><strong>spiritus</strong></span> <span class='ocrx_word' id='word_1_362' title='bbox 2033 1767 2201 1808; x_wconf 87' lang='lat' dir='ltr'><strong>consilii</strong></span> 
     </span>
     <span class='ocr_line' id='line_1_80' title="bbox 1216 1884 1623 1927; baseline -0.005 -1"><span class='ocrx_word' id='word_1_363' title='bbox 1216 1907 1269 1913; x_wconf 94' lang='lat'>—</span> <span class='ocrx_word' id='word_1_364' title='bbox 1301 1885 1493 1927; x_wconf 89' lang='lat' dir='ltr'><strong>sciencie</strong></span> <span class='ocrx_word' id='word_1_365' title='bbox 1524 1884 1623 1925; x_wconf 87' lang='grc'><strong>220.</strong></span> 
     </span>
     <span class='ocr_line' id='line_1_81' title="bbox 1215 1941 1861 1998; baseline -0.002 -14"><span class='ocrx_word' id='word_1_366' title='bbox 1215 1967 1268 1972; x_wconf 93' lang='lat'>—</span> <span class='ocrx_word' id='word_1_367' title='bbox 1301 1944 1492 1998; x_wconf 86' lang='lat' dir='ltr'><strong>pietatis,</strong></span> <span class='ocrx_word' id='word_1_368' title='bbox 1526 1942 1633 1998; x_wconf 88' lang='lat' dir='ltr'><strong>quid</strong></span> <span class='ocrx_word' id='word_1_369' title='bbox 1665 1946 1732 1984; x_wconf 87' lang='lat' dir='ltr'><strong>est</strong></span> <span class='ocrx_word' id='word_1_370' title='bbox 1762 1941 1861 1983; x_wconf 90' lang='lat'>223.</span> 
     </span>
     <span class='ocr_line' id='line_1_82' title="bbox 1214 2000 2201 2055; baseline 0 -11"><span class='ocrx_word' id='word_1_371' title='bbox 1214 2026 1266 2031; x_wconf 90' lang='lat'><strong>—</strong></span> <span class='ocrx_word' id='word_1_372' title='bbox 1286 2003 1477 2044; x_wconf 89' lang='lat' dir='ltr'><strong>sciencie</strong></span> <span class='ocrx_word' id='word_1_373' title='bbox 1494 2006 1695 2043; x_wconf 88' lang='lat' dir='ltr'><strong>rarenter</strong></span> <span class='ocrx_word' id='word_1_374' title='bbox 1710 2000 1955 2054; x_wconf 89' lang='lat' dir='ltr'><strong>acquiritur</strong></span> <span class='ocrx_word' id='word_1_375' title='bbox 1970 2001 2076 2055; x_wconf 76' lang='lat'><strong>2223</strong></span> <span class='ocrx_word' id='word_1_376' title='bbox 2102 2002 2201 2044; x_wconf 91' lang='grc'><strong>223.</strong></span> 
     </span>
     <span class='ocr_line' id='line_1_83' title="bbox 1214 2059 2201 2116; baseline 0 -13"><span class='ocrx_word' id='word_1_377' title='bbox 1214 2085 1267 2090; x_wconf 90' lang='grc'>-</span> <span class='ocrx_word' id='word_1_378' title='bbox 1301 2062 1539 2116; x_wconf 90' lang='lat' dir='ltr'><strong>septimum</strong></span> <span class='ocrx_word' id='word_1_379' title='bbox 1560 2060 1739 2115; x_wconf 90' lang='lat' dir='ltr'><strong>spiritus</strong></span> <span class='ocrx_word' id='word_1_380' title='bbox 1771 2063 1838 2100; x_wconf 91' lang='lat' dir='ltr'><strong>est</strong></span> <span class='ocrx_word' id='word_1_381' title='bbox 1857 2059 1988 2101; x_wconf 90' lang='lat' dir='ltr'><strong>timor</strong></span> <span class='ocrx_word' id='word_1_382' title='bbox 2009 2060 2082 2101; x_wconf 88' lang='lat' dir='ltr'><strong>dei</strong></span> <span class='ocrx_word' id='word_1_383' title='bbox 2103 2061 2201 2103; x_wconf 87' lang='lat'>225.</span> 
     </span>
     <span class='ocr_line' id='line_1_84' title="bbox 1214 2117 2095 2175; baseline -0.002 -13"><span class='ocrx_word' id='word_1_384' title='bbox 1214 2133 1331 2162; x_wconf 89' lang='lat' dir='ltr'><strong>—na</strong></span> <span class='ocrx_word' id='word_1_385' title='bbox 1361 2120 1539 2175; x_wconf 90' lang='lat' dir='ltr'><strong>spiritus</strong></span> <span class='ocrx_word' id='word_1_386' title='bbox 1570 2118 1711 2160; x_wconf 89' lang='lat' dir='ltr'><strong>sancti</strong></span> <span class='ocrx_word' id='word_1_387' title='bbox 1742 2117 1850 2172; x_wconf 86' lang='lat' dir='ltr'><strong>quid</strong></span> <span class='ocrx_word' id='word_1_388' title='bbox 1879 2118 1967 2159; x_wconf 90' lang='lat' dir='ltr'><strong>sint</strong></span> <span class='ocrx_word' id='word_1_389' title='bbox 1997 2119 2095 2161; x_wconf 87' lang='lat'>208.</span> 
     </span>
     <span class='ocr_line' id='line_1_85' title="bbox 1215 2176 2201 2234; baseline 0.001 -14"><span class='ocrx_word' id='word_1_390' title='bbox 1215 2203 1268 2208; x_wconf 97' lang='lat'>—</span> <span class='ocrx_word' id='word_1_391' title='bbox 1287 2184 1458 2234; x_wconf 88' lang='lat' dir='ltr'><strong>septem</strong></span> <span class='ocrx_word' id='word_1_392' title='bbox 1490 2178 1668 2232; x_wconf 91' lang='lat' dir='ltr'><strong>spiritus</strong></span> <span class='ocrx_word' id='word_1_393' title='bbox 1699 2177 1841 2219; x_wconf 87' lang='lat' dir='ltr'><strong>sancti</strong></span> <span class='ocrx_word' id='word_1_394' title='bbox 1871 2176 2055 2219; x_wconf 90' lang='lat' dir='ltr'><strong>habenti</strong></span> <span class='ocrx_word' id='word_1_395' title='bbox 2085 2179 2201 2221; x_wconf 91' lang='lat' dir='ltr'><strong>bene</strong></span> 
     </span>
     <span class='ocr_line' id='line_1_86' title="bbox 1270 2238 1512 2280; baseline -0.004 -2"><span class='ocrx_word' id='word_1_396' title='bbox 1270 2238 1384 2280; x_wconf 90' lang='lat' dir='ltr'><strong>foret</strong></span> <span class='ocrx_word' id='word_1_397' title='bbox 1414 2239 1512 2279; x_wconf 88' lang='lat'>226.</span> 
     </span>
     <span class='ocr_line' id='line_1_87' title="bbox 1212 2294 2113 2352; baseline 0.001 -14"><span class='ocrx_word' id='word_1_398' title='bbox 1212 2310 1328 2338; x_wconf 87' lang='lat' dir='ltr'><strong>-no</strong></span> <span class='ocrx_word' id='word_1_399' title='bbox 1359 2296 1595 2352; x_wconf 89' lang='lat' dir='ltr'><strong>septuplici</strong></span> <span class='ocrx_word' id='word_1_400' title='bbox 1626 2294 1792 2337; x_wconf 84' lang='lat' dir='ltr'><strong>Oristus</strong></span> <span class='ocrx_word' id='word_1_401' title='bbox 1823 2295 1983 2350; x_wconf 91' lang='lat' dir='ltr'><strong>plenus</strong></span> <span class='ocrx_word' id='word_1_402' title='bbox 2014 2297 2113 2339; x_wconf 86' lang='lat'>209.</span> 
     </span>
     <span class='ocr_line' id='line_1_88' title="bbox 1210 2355 1831 2410; baseline 0 -14"><span class='ocrx_word' id='word_1_403' title='bbox 1210 2356 1494 2398; x_wconf 89' lang='lat' dir='ltr'><strong>Dormientes</strong></span> <span class='ocrx_word' id='word_1_404' title='bbox 1525 2355 1702 2410; x_wconf 89' lang='lat' dir='ltr'><strong>spiritus</strong></span> <span class='ocrx_word' id='word_1_405' title='bbox 1734 2355 1831 2396; x_wconf 90' lang='lat'>149.</span> 
     </span>
     <span class='ocr_line' id='line_1_89' title="bbox 1209 2413 2200 2457; baseline 0.001 -2"><span class='ocrx_word' id='word_1_406' title='bbox 1209 2414 1255 2455; x_wconf 90' lang='lat' dir='ltr'><strong>in</strong></span> <span class='ocrx_word' id='word_1_407' title='bbox 1287 2415 1439 2457; x_wconf 90' lang='lat' dir='ltr'><strong>Dorsis</strong></span> <span class='ocrx_word' id='word_1_408' title='bbox 1476 2415 1635 2455; x_wconf 86' lang='lat' dir='ltr'><strong>fratres</strong></span> <span class='ocrx_word' id='word_1_409' title='bbox 1674 2426 1722 2455; x_wconf 87' lang='lat' dir='ltr'><strong>se</strong></span> <span class='ocrx_word' id='word_1_410' title='bbox 1760 2427 1851 2454; x_wconf 87' lang='lat' dir='ltr'><strong>non</strong></span> <span class='ocrx_word' id='word_1_411' title='bbox 1889 2413 2056 2456; x_wconf 89' lang='lat' dir='ltr'><strong>debent</strong></span> <span class='ocrx_word' id='word_1_412' title='bbox 2096 2428 2200 2457; x_wconf 92' lang='lat' dir='ltr'><strong>one-</strong></span> 
     </span>
     <span class='ocr_line' id='line_1_90' title="bbox 1267 2475 1497 2516; baseline -0.004 -1"><span class='ocrx_word' id='word_1_413' title='bbox 1267 2487 1367 2515; x_wconf 92' lang='lat' dir='ltr'><strong>rare</strong></span> <span class='ocrx_word' id='word_1_414' title='bbox 1400 2475 1497 2516; x_wconf 88' lang='lat'>370.</span> 
     </span>
    </p>
   </div>
   <div class='ocr_carea' id='block_1_31' title="bbox 1207 2532 2019 2634">
    <p class='ocr_par' dir='ltr' id='par_1_49' title="bbox 1207 2532 2019 2634">
     <span class='ocr_line' id='line_1_91' title="bbox 1207 2532 1636 2574; baseline -0.005 0"><span class='ocrx_word' id='word_1_415' title='bbox 1207 2533 1397 2574; x_wconf 89' lang='lat' dir='ltr'><strong>Dotacio</strong></span> <span class='ocrx_word' id='word_1_416' title='bbox 1429 2532 1536 2573; x_wconf 90' lang='lat' dir='ltr'><strong>cleri</strong></span> <span class='ocrx_word' id='word_1_417' title='bbox 1567 2532 1636 2573; x_wconf 90' lang='lat'><strong>94.</strong></span> 
     </span>
     <span class='ocr_line' id='line_1_92' title="bbox 1210 2591 2019 2634; baseline -0.001 -1"><span class='ocrx_word' id='word_1_418' title='bbox 1210 2615 1263 2621; x_wconf 87' lang='lat'><strong>—-</strong></span> <span class='ocrx_word' id='word_1_419' title='bbox 1298 2592 1405 2634; x_wconf 89' lang='lat' dir='ltr'><strong>cleri</strong></span> <span class='ocrx_word' id='word_1_420' title='bbox 1436 2605 1483 2633; x_wconf 91' lang='lat' dir='ltr'><strong>os</strong></span> <span class='ocrx_word' id='word_1_421' title='bbox 1514 2594 1790 2633; x_wconf 89' lang='lat' dir='ltr'><strong>venenatum</strong></span> <span class='ocrx_word' id='word_1_422' title='bbox 1822 2594 1890 2631; x_wconf 90' lang='lat' dir='ltr'><strong>est</strong></span> <span class='ocrx_word' id='word_1_423' title='bbox 1921 2591 2019 2632; x_wconf 89' lang='lat'>575.</span> 
     </span>
    </p>
   </div>
   <div class='ocr_carea' id='block_1_32' title="bbox 1200 2649 2195 3649">
    <p class='ocr_par' dir='ltr' id='par_1_50' title="bbox 1208 2649 2086 2704">
     <span class='ocr_line' id='line_1_93' title="bbox 1208 2649 2086 2704; baseline 0 -12"><span class='ocrx_word' id='word_1_424' title='bbox 1208 2674 1264 2679; x_wconf 97' lang='lat'><strong>—</strong></span> <span class='ocrx_word' id='word_1_425' title='bbox 1297 2650 1445 2692; x_wconf 90' lang='lat' dir='ltr'><strong>clerici</strong></span> <span class='ocrx_word' id='word_1_426' title='bbox 1476 2663 1532 2691; x_wconf 91' lang='lat' dir='ltr'><strong>ex</strong></span> <span class='ocrx_word' id='word_1_427' title='bbox 1562 2649 1809 2691; x_wconf 89' lang='lat' dir='ltr'><strong>redditibus</strong></span> <span class='ocrx_word' id='word_1_428' title='bbox 1838 2649 1957 2704; x_wconf 88' lang='lat' dir='ltr'><strong>regis</strong></span> <span class='ocrx_word' id='word_1_429' title='bbox 1988 2650 2086 2692; x_wconf 88' lang='lat'>245.</span> 
     </span>
    </p>

    <p class='ocr_par' dir='ltr' id='par_1_51' title="bbox 1209 2708 2151 2765">
     <span class='ocr_line' id='line_1_94' title="bbox 1209 2708 2151 2765; baseline 0.001 -14"><span class='ocrx_word' id='word_1_430' title='bbox 1209 2733 1262 2738; x_wconf 89' lang='lat'><strong>—</strong></span> <span class='ocrx_word' id='word_1_431' title='bbox 1286 2714 1440 2751; x_wconf 87' lang='lat' dir='ltr'><strong>contra</strong></span> <span class='ocrx_word' id='word_1_432' title='bbox 1453 2709 1602 2765; x_wconf 81' lang='lat' dir='ltr'><strong>legem</strong></span> <span class='ocrx_word' id='word_1_433' title='bbox 1618 2708 1785 2749; x_wconf 90' lang='lat' dir='ltr'><strong>domini</strong></span> <span class='ocrx_word' id='word_1_434' title='bbox 1800 2721 1891 2749; x_wconf 93' lang='lat' dir='ltr'><strong>non</strong></span> <span class='ocrx_word' id='word_1_435' title='bbox 1906 2708 2028 2750; x_wconf 91' lang='lat' dir='ltr'><strong>licita</strong></span> <span class='ocrx_word' id='word_1_436' title='bbox 2053 2710 2151 2752; x_wconf 89' lang='grc'><strong>283.</strong></span> 
     </span>
    </p>

    <p class='ocr_par' dir='ltr' id='par_1_52' title="bbox 1209 2767 2112 2811">
     <span class='ocr_line' id='line_1_95' title="bbox 1209 2767 2112 2811; baseline 0.001 -1"><span class='ocrx_word' id='word_1_437' title='bbox 1209 2791 1263 2797; x_wconf 96' lang='grc'>-</span> <span class='ocrx_word' id='word_1_438' title='bbox 1296 2768 1463 2810; x_wconf 89' lang='lat' dir='ltr'><strong>domini</strong></span> <span class='ocrx_word' id='word_1_439' title='bbox 1491 2767 1708 2809; x_wconf 89' lang='lat' dir='ltr'><strong>inferioris</strong></span> <span class='ocrx_word' id='word_1_440' title='bbox 1739 2781 1830 2808; x_wconf 91' lang='lat' dir='ltr'><strong>non</strong></span> <span class='ocrx_word' id='word_1_441' title='bbox 1860 2767 1983 2809; x_wconf 87' lang='lat' dir='ltr'><strong>valet</strong></span> <span class='ocrx_word' id='word_1_442' title='bbox 2013 2769 2112 2811; x_wconf 89' lang='lat'>249.</span> 
     </span>
    </p>

    <p class='ocr_par' dir='ltr' id='par_1_53' title="bbox 1207 2826 2195 2928">
     <span class='ocr_line' id='line_1_96' title="bbox 1207 2826 2195 2882; baseline 0.002 -13"><span class='ocrx_word' id='word_1_443' title='bbox 1207 2850 1262 2856; x_wconf 92' lang='lat'>—</span> <span class='ocrx_word' id='word_1_444' title='bbox 1295 2833 1340 2869; x_wconf 92' lang='lat' dir='ltr'><strong>et</strong></span> <span class='ocrx_word' id='word_1_445' title='bbox 1382 2826 1696 2882; x_wconf 86' lang='lat' dir='ltr'><strong>temporalium</strong></span> <span class='ocrx_word' id='word_1_446' title='bbox 1740 2826 1958 2880; x_wconf 91' lang='lat' dir='ltr'><strong>possessio</strong></span> <span class='ocrx_word' id='word_1_447' title='bbox 2000 2840 2027 2868; x_wconf 86' lang='lat' dir='ltr'><strong>a</strong></span> <span class='ocrx_word' id='word_1_448' title='bbox 2077 2833 2195 2870; x_wconf 89' lang='lat' dir='ltr'><strong>statu</strong></span> 
     </span>
     <span class='ocr_line' id='line_1_97' title="bbox 1262 2885 1870 2928; baseline 0 -2"><span class='ocrx_word' id='word_1_449' title='bbox 1262 2886 1524 2928; x_wconf 90' lang='lat' dir='ltr'><strong>innocencie</strong></span> <span class='ocrx_word' id='word_1_450' title='bbox 1555 2885 1741 2927; x_wconf 87' lang='lat' dir='ltr'><strong>deviant</strong></span> <span class='ocrx_word' id='word_1_451' title='bbox 1770 2885 1870 2927; x_wconf 87' lang='lat'>221.</span> 
     </span>
    </p>

    <p class='ocr_par' dir='ltr' id='par_1_54' title="bbox 1205 2944 2193 2999">
     <span class='ocr_line' id='line_1_98' title="bbox 1205 2944 2193 2999; baseline 0.002 -12"><span class='ocrx_word' id='word_1_452' title='bbox 1205 2967 1261 2974; x_wconf 88' lang='lat'>—</span> <span class='ocrx_word' id='word_1_453' title='bbox 1294 2945 1481 2987; x_wconf 91' lang='lat' dir='ltr'><strong>ecclesie</strong></span> <span class='ocrx_word' id='word_1_454' title='bbox 1497 2945 1668 2986; x_wconf 90' lang='lat' dir='ltr'><strong>tollitur</strong></span> <span class='ocrx_word' id='word_1_455' title='bbox 1682 2944 1861 2985; x_wconf 88' lang='lat' dir='ltr'><strong>racione</strong></span> <span class='ocrx_word' id='word_1_456' title='bbox 1878 2945 2072 2999; x_wconf 89' lang='lat' dir='ltr'><strong>quadam</strong></span> <span class='ocrx_word' id='word_1_457' title='bbox 2096 2946 2193 2989; x_wconf 89' lang='lat'>137.</span> 
     </span>
    </p>

    <p class='ocr_par' dir='ltr' id='par_1_55' title="bbox 1204 3002 1890 3046">
     <span class='ocr_line' id='line_1_99' title="bbox 1204 3002 1890 3046; baseline -0.001 0"><span class='ocrx_word' id='word_1_458' title='bbox 1204 3027 1261 3034; x_wconf 93' lang='lat'>—</span> <span class='ocrx_word' id='word_1_459' title='bbox 1294 3004 1482 3046; x_wconf 89' lang='lat' dir='ltr'><strong>ecclesie</strong></span> <span class='ocrx_word' id='word_1_460' title='bbox 1513 3003 1650 3046; x_wconf 90' lang='lat' dir='ltr'><strong>stulta</strong></span> <span class='ocrx_word' id='word_1_461' title='bbox 1680 3002 1759 3044; x_wconf 92' lang='lat' dir='ltr'><strong>fiat</strong></span> <span class='ocrx_word' id='word_1_462' title='bbox 1790 3004 1890 3045; x_wconf 87' lang='lat'>572.</span> 
     </span>
    </p>

    <p class='ocr_par' dir='ltr' id='par_1_56' title="bbox 1205 3061 2016 3105">
     <span class='ocr_line' id='line_1_100' title="bbox 1205 3061 2016 3105; baseline -0.001 0"><span class='ocrx_word' id='word_1_463' title='bbox 1205 3086 1259 3094; x_wconf 92' lang='lat'><strong>—-</strong></span> <span class='ocrx_word' id='word_1_464' title='bbox 1293 3062 1480 3105; x_wconf 89' lang='lat' dir='ltr'><strong>ecclesie</strong></span> <span class='ocrx_word' id='word_1_465' title='bbox 1511 3077 1619 3104; x_wconf 91' lang='lat' dir='ltr'><strong>num</strong></span> <span class='ocrx_word' id='word_1_466' title='bbox 1651 3061 1876 3103; x_wconf 88' lang='lat' dir='ltr'><strong>meritoria</strong></span> <span class='ocrx_word' id='word_1_467' title='bbox 1918 3063 2016 3104; x_wconf 91' lang='lat'>701.</span> 
     </span>
    </p>

    <p class='ocr_par' dir='ltr' id='par_1_57' title="bbox 1205 3120 2101 3164">
     <span class='ocr_line' id='line_1_101' title="bbox 1205 3120 2101 3164; baseline 0.001 -1"><span class='ocrx_word' id='word_1_468' title='bbox 1205 3146 1259 3152; x_wconf 90' lang='lat'><strong>—-</strong></span> <span class='ocrx_word' id='word_1_469' title='bbox 1292 3122 1480 3164; x_wconf 89' lang='lat' dir='ltr'><strong>ecclesie</strong></span> <span class='ocrx_word' id='word_1_470' title='bbox 1511 3120 1773 3163; x_wconf 84' lang='lat' dir='ltr'><strong>intoxicavit</strong></span> <span class='ocrx_word' id='word_1_471' title='bbox 1803 3120 1971 3162; x_wconf 87' lang='lat' dir='ltr'><strong>clerum</strong></span> <span class='ocrx_word' id='word_1_472' title='bbox 2003 3123 2101 3164; x_wconf 88' lang='lat'>594.</span> 
     </span>
    </p>

    <p class='ocr_par' dir='ltr' id='par_1_58' title="bbox 1204 3179 1998 3223">
     <span class='ocr_line' id='line_1_102' title="bbox 1204 3179 1998 3223; baseline 0.001 -1"><span class='ocrx_word' id='word_1_473' title='bbox 1204 3205 1258 3211; x_wconf 97' lang='lat'>—</span> <span class='ocrx_word' id='word_1_474' title='bbox 1291 3180 1530 3222; x_wconf 89' lang='lat' dir='ltr'><strong>maledicta</strong></span> <span class='ocrx_word' id='word_1_475' title='bbox 1561 3179 1669 3222; x_wconf 88' lang='lat' dir='ltr'><strong>cleri</strong></span> <span class='ocrx_word' id='word_1_476' title='bbox 1699 3179 1867 3220; x_wconf 89' lang='lat' dir='ltr'><strong>cesarei</strong></span> <span class='ocrx_word' id='word_1_477' title='bbox 1902 3182 1998 3223; x_wconf 89' lang='lat'>175.</span> 
     </span>
    </p>

    <p class='ocr_par' dir='ltr' id='par_1_59' title="bbox 1204 3238 2190 3296">
     <span class='ocr_line' id='line_1_103' title="bbox 1204 3238 2190 3296; baseline 0.002 -15"><span class='ocrx_word' id='word_1_478' title='bbox 1204 3263 1258 3269; x_wconf 92' lang='lat'><strong>—</strong></span> <span class='ocrx_word' id='word_1_479' title='bbox 1280 3252 1396 3296; x_wconf 91' lang='lat' dir='ltr'><strong>pape</strong></span> <span class='ocrx_word' id='word_1_480' title='bbox 1419 3244 1486 3281; x_wconf 87' lang='lat' dir='ltr'><strong>est</strong></span> <span class='ocrx_word' id='word_1_481' title='bbox 1505 3239 1668 3281; x_wconf 86' lang='lat' dir='ltr'><strong>ficticia</strong></span> <span class='ocrx_word' id='word_1_482' title='bbox 1682 3238 1818 3293; x_wconf 88' lang='lat' dir='ltr'><strong>plena</strong></span> <span class='ocrx_word' id='word_1_483' title='bbox 1834 3239 2067 3282; x_wconf 90' lang='lat' dir='ltr'><strong>mendacio</strong></span> <span class='ocrx_word' id='word_1_484' title='bbox 2091 3241 2190 3283; x_wconf 90' lang='grc'><strong>685.</strong></span> 
     </span>
    </p>

    <p class='ocr_par' dir='ltr' id='par_1_60' title="bbox 1204 3297 1940 3354">
     <span class='ocr_line' id='line_1_104' title="bbox 1204 3297 1940 3354; baseline 0 -14"><span class='ocrx_word' id='word_1_485' title='bbox 1204 3321 1255 3328; x_wconf 89' lang='grc'><strong>-</strong></span> <span class='ocrx_word' id='word_1_486' title='bbox 1289 3311 1402 3354; x_wconf 90' lang='lat' dir='ltr'><strong>pura</strong></span> <span class='ocrx_word' id='word_1_487' title='bbox 1432 3298 1479 3339; x_wconf 90' lang='lat' dir='ltr'><strong>in</strong></span> <span class='ocrx_word' id='word_1_488' title='bbox 1509 3297 1810 3353; x_wconf 88' lang='lat' dir='ltr'><strong>spiritualibus</strong></span> <span class='ocrx_word' id='word_1_489' title='bbox 1842 3299 1940 3340; x_wconf 87' lang='lat'>590.</span> 
     </span>
    </p>

    <p class='ocr_par' dir='ltr' id='par_1_61' title="bbox 1202 3357 1755 3413">
     <span class='ocr_line' id='line_1_105' title="bbox 1202 3357 1755 3413; baseline -0.002 -15"><span class='ocrx_word' id='word_1_490' title='bbox 1202 3381 1257 3388; x_wconf 91' lang='lat'>—</span> <span class='ocrx_word' id='word_1_491' title='bbox 1288 3370 1403 3413; x_wconf 91' lang='lat' dir='ltr'><strong>pura</strong></span> <span class='ocrx_word' id='word_1_492' title='bbox 1431 3357 1478 3398; x_wconf 92' lang='lat' dir='ltr'><strong>in</strong></span> <span class='ocrx_word' id='word_1_493' title='bbox 1507 3371 1626 3413; x_wconf 88' lang='lat' dir='ltr'><strong>papa</strong></span> <span class='ocrx_word' id='word_1_494' title='bbox 1657 3357 1755 3400; x_wconf 86' lang='lat'>572.</span> 
     </span>
    </p>

    <p class='ocr_par' dir='ltr' id='par_1_62' title="bbox 1202 3418 1641 3459">
     <span class='ocr_line' id='line_1_106' title="bbox 1202 3418 1641 3459; baseline 0.002 -1"><span class='ocrx_word' id='word_1_495' title='bbox 1202 3439 1257 3445; x_wconf 90' lang='lat'><em>—</em></span> <span class='ocrx_word' id='word_1_496' title='bbox 1288 3421 1510 3458; x_wconf 87' lang='lat' dir='ltr'><strong>sectarum</strong></span> <span class='ocrx_word' id='word_1_497' title='bbox 1544 3418 1641 3459; x_wconf 89' lang='lat'>195.</span> 
     </span>
    </p>

    <p class='ocr_par' dir='ltr' id='par_1_63' title="bbox 1201 3474 1811 3517">
     <span class='ocr_line' id='line_1_107' title="bbox 1201 3474 1811 3517; baseline -0.003 0"><span class='ocrx_word' id='word_1_498' title='bbox 1201 3498 1255 3505; x_wconf 95' lang='lat'><strong>—</strong></span> <span class='ocrx_word' id='word_1_499' title='bbox 1289 3475 1424 3517; x_wconf 89' lang='lat' dir='ltr'><strong>debet</strong></span> <span class='ocrx_word' id='word_1_500' title='bbox 1452 3476 1680 3517; x_wconf 87' lang='lat' dir='ltr'><strong>terminari</strong></span> <span class='ocrx_word' id='word_1_501' title='bbox 1713 3474 1811 3515; x_wconf 86' lang='lat'>249.</span> 
     </span>
    </p>

    <p class='ocr_par' dir='ltr' id='par_1_64' title="bbox 1201 3532 2016 3587">
     <span class='ocr_line' id='line_1_108' title="bbox 1201 3532 2016 3587; baseline 0 -11"><span class='ocrx_word' id='word_1_502' title='bbox 1201 3557 1255 3564; x_wconf 89' lang='lat'><strong>—</strong></span> <span class='ocrx_word' id='word_1_503' title='bbox 1287 3539 1509 3576; x_wconf 89' lang='lat' dir='ltr'><strong>sectarum</strong></span> <span class='ocrx_word' id='word_1_504' title='bbox 1539 3535 1624 3576; x_wconf 90' lang='lat' dir='ltr'><strong>fuit</strong></span> <span class='ocrx_word' id='word_1_505' title='bbox 1654 3532 1887 3587; x_wconf 90' lang='lat' dir='ltr'><strong>culpabilis</strong></span> <span class='ocrx_word' id='word_1_506' title='bbox 1919 3533 2016 3576; x_wconf 92' lang='lat'>249.</span> 
     </span>
    </p>

    <p class='ocr_par' dir='ltr' id='par_1_65' title="bbox 1200 3592 1892 3649">
     <span class='ocr_line' id='line_1_109' title="bbox 1200 3592 1892 3649; baseline 0 -15"><span class='ocrx_word' id='word_1_507' title='bbox 1200 3606 1362 3635; x_wconf 91' lang='lat' dir='ltr'><strong>—nem</strong></span> <span class='ocrx_word' id='word_1_508' title='bbox 1394 3593 1503 3634; x_wconf 90' lang='lat' dir='ltr'><strong>deus</strong></span> <span class='ocrx_word' id='word_1_509' title='bbox 1532 3594 1757 3649; x_wconf 86' lang='lat' dir='ltr'><strong>prohibuit</strong></span> <span class='ocrx_word' id='word_1_510' title='bbox 1794 3592 1892 3635; x_wconf 90' lang='lat'>249.</span> 
     </span>
    </p>
   </div>
  </div>
 </body>
</html>
