2528 4074
351 361 452 409 826

349 499 556 540 Seculare
587 498 822 539 dominium
844 497 1027 538 dominis
1046 497 1313 538 secularibus

406 555 536 597 debet
565 555 782 609 pertinere
814 555 910 596 243.

349 635 401 643 —
433 612 656 654 brachium
686 612 891 653 clamabit
922 612 1015 653 100.

348 693 401 700 —-
447 669 685 710 dominium
733 669 1034 710 continuatum
1080 668 1126 708 in
1173 668 1313 722 prima

406 731 623 768 sectarum
653 727 750 768 279.

346 784 517 825 —lares
563 784 806 838 presbyteri
848 788 893 824 et
934 783 1035 824 laici
1078 782 1242 824 exclusi
1285 795 1313 823 a

405 839 530 881 Cristi
560 841 747 882 consiliis
776 839 1057 881 observandis
1087 840 1183 881 528.

346 921 399 927 —
431 897 593 939 domini
611 897 775 938 habent
801 901 1060 951 potestatem
1081 897 1138 937 ad
1166 896 1311 937 coher-

404 954 590 996 cendum
619 954 804 995 rebelles
833 953 935 994 fidei
964 954 1060 994 382.

345 1034 398 1040 —
430 1011 592 1052 domini
619 1011 781 1052 debent
802 1011 920 1052 exire
939 1010 986 1050 in
1006 1010 1100 1050 vias
1121 1014 1166 1051 et
1184 1022 1310 1063 sepes

346 1125 558 1165 —larium
589 1123 860 1165 dominorum
889 1123 1049 1164 iniuria
1077 1124 1174 1165 277.

343 1186 495 1223 contra
525 1204 579 1211 —
609 1181 724 1222 vicia
751 1181 1021 1235 hospitalitas
1050 1180 1157 1235 fuga
1177 1180 1308 1222 medi-

397 1239 497 1280 cina
525 1238 752 1279 ordinetur
780 1239 848 1280 55.

342 1296 559 1337 -laribus
568 1295 809 1350 rependere
824 1296 940 1336 bona
948 1295 1191 1349 spiritualia
1213 1296 1308 1336 193.

345 1358 496 1394 contra
532 1352 780 1394 Secundum
826 1353 1080 1393 mandatum
1119 1352 1309 1393 secunde

398 1410 548 1452 tabule
569 1410 796 1451 offendunt
814 1410 990 1464 plurimi
1008 1410 1054 1450 in
1074 1410 1308 1451 affeccione

340 1523 524 1566 Secures
560 1537 777 1565 armorum
819 1524 972 1565 fratres
1001 1523 1083 1564 sibi
1110 1536 1308 1577 procura-

315 1589 335 1606 ‘
395 1586 498 1622 runt
527 1582 623 1623 265.
1084 1632 1087 1634 ,
1170 1588 1173 1595 “

341 1639 542 1680 Securior
572 1642 638 1679 est
667 1642 787 1678 secta
817 1636 943 1678 Cristi
972 1650 1105 1691 quam
1135 1637 1307 1678 ordines

343 1775 397 1782 —
430 1751 567 1793 Gristo
597 1751 811 1807 obligacio
840 1751 1013 1806 integra
1042 1756 1108 1793 est
1138 1752 1233 1793 185.

340 1809 562 1850 Securitas
592 1809 646 1850 de
675 1808 948 1850 beatitudine
980 1810 1075 1850 148.

339 1890 391 1895 ——
413 1867 541 1908 sectis
563 1866 699 1907 infixa
717 1867 947 1921 impugnat
965 1867 1102 1908 verba
1122 1866 1306 1920 apostoli

339 1985 530 2022 —tatem
571 1981 875 2035 temporalium
921 1993 950 2021 a
993 1981 1121 2022 sectis
1161 1980 1305 2022 exclu-

395 2038 510 2089 dere,
541 2038 696 2092 regula
725 2038 994 2092 ewangelica
1025 2042 1138 2079 esset
1167 2039 1263 2079 275.

337 2094 503 2136 Sedant
543 2100 661 2136 secte
696 2095 951 2136 scrutinium
979 2095 1176 2136 veritatis
1206 2096 1302 2137 383.

338 2152 474 2193 Sedes
502 2165 617 2206 pape
646 2157 801 2207 peccat
828 2153 1020 2207 graviter
1050 2154 1146 2194 561.

338 2232 391 2239 -
423 2221 538 2263 pape
566 2214 702 2251 terret
729 2210 887 2251 multos
917 2222 945 2250 a
973 2210 1303 2264 perpetracione

394 2266 635 2308 facinorum
665 2268 762 2309 560.

344 2346 389 2354 —
422 2336 535 2378 pape
566 2324 701 2365 oblita
729 2328 796 2366 est
821 2325 968 2365 media
998 2324 1124 2366 Cristi
1155 2325 1250 2366 560.

339 2404 392 2411 -—-
421 2394 536 2435 pape
564 2381 677 2422 foret
705 2394 732 2422 a
757 2382 860 2437 lege
887 2382 1038 2436 papali
1063 2387 1107 2423 et
1126 2394 1303 2423 cesarea

395 2438 679 2493 expurganda
714 2440 810 2489 562.

337 2518 390 2524 —
411 2508 524 2550 pape
543 2508 783 2549 numquam
799 2497 982 2538 ecclesie
996 2496 1189 2550 proderit
1204 2498 1299 2538 561.

336 2574 391 2583 —
421 2565 535 2606 pape
563 2558 723 2594 tractat
756 2566 910 2594 causas
938 2554 1171 2595 iustissime
1203 2554 1299 2595 561.

336 2609 546 2650 Seduccio
576 2609 847 2651 dominorum
875 2611 1135 2652 secularium
1165 2612 1233 2652 33.

337 2665 555 2707 Seducere
591 2679 695 2707 oves
727 2667 854 2708 Gristi
889 2681 968 2722 per
995 2668 1114 2709 viam
1142 2668 1301 2709 inferni

337 2785 498 2821 —cunt
525 2780 678 2821 stultos
707 2780 936 2822 mendacia
965 2782 1062 2823 348.

336 2858 389 2867 -
421 2842 608 2891 quatuor
636 2842 755 2879 secte
785 2838 1013 2879 ecclesiam
1043 2840 1140 2879 348.

337 2894 516 2936 Seducit
542 2895 753 2949 populum
789 2899 927 2947 secta,
973 2909 1072 2937 cum
1108 2896 1298 2937 intencio

393 2964 544 2993 earum
573 2952 628 2992 sit
655 2953 951 3006 principaliter
983 2966 1060 3007 pro
1085 2958 1299 3007 tempora-

392 3009 507 3050 libus
535 3010 836 3063 perquirendis
867 3011 965 3051 310.

336 3066 452 3107 —cit
478 3066 688 3120 populum
714 3067 895 3108 fratrum
922 3067 1058 3108 fallax
1076 3072 1299 3121 spectacu-

390 3122 482 3163 lum
512 3124 608 3165 254.

336 3185 550 3221 —cuntur
577 3192 792 3234 pauperes
824 3182 919 3222 193.

337 3259 390 3266 -
420 3249 448 3277 a
476 3237 616 3278 salute
646 3238 791 3279 anime
810 3238 937 3279 multi
957 3251 1036 3292 per
1055 3238 1297 3280 mundanas

396 3293 574 3335 divicias
604 3295 700 3336 278.

334 3364 423 3391 non
453 3356 582 3392 —cat
609 3351 761 3393 fideles
790 3352 1048 3394 miraculum
1079 3353 1176 3394 250.

337 3407 599 3463 Segregacio
630 3409 809 3449 fratrum
840 3411 907 3451 69.

336 3463 452 3505 Selle
483 3465 707 3519 splendide
737 3466 1022 3517 cardinalium
1052 3468 1148 3509 690.

1070 355 1367 396 GENERAL
1401 357 1616 398 INDEX.

1400 476 1577 539 Semina
1595 498 1727 539 verbo
1749 498 1939 553 dispergi
1960 497 2123 540 Gristus
2143 499 2361 543 ordinavit

1399 555 1625 653 Se11113i131ant
1655 616 1772 653 secte
1803 612 2040 653 discordias
2071 613 2166 655 143.

1398 667 1687 710 Seminarium
1717 669 1927 711 discordie
1957 669 2108 712 aufere
2137 670 2234 712 591.

1402 748 1452 755 —
1485 725 1795 767 discordiarum
1826 728 1924 770 458.

1398 781 1633 824 Sensibiles
1660 783 1921 825 tradiciones
1949 788 2166 825 sectarum
2195 783 2361 826 Oristus
2438 820 2439 823 ,

1455 853 1543 880 non
1573 841 1741 881 curavit
1773 841 1867 882 139.

1397 895 1630 937 Sensibilia
1643 896 1759 938 facta
1773 897 2073 952 episcoporum
2087 899 2364 952 superfluunt

1397 953 1558 1050 εοῗιξιῗὲ
1585 1010 1743 1063 plenus
1774 1010 1936 1051 domini
1968 1012 2063 1054 129.

1398 1089 1451 1095 —
1482 1066 1738 1120 sophisticus
1769 1068 1864 1108 119.

1398 1146 1452 1152 -
1482 1123 1719 1164 catholicus
1749 1124 1972 1166 doctorum
1991 1126 2268 1180 antiquorum
2289 1128 2359 1169 76.
2440 1146 2459 1177 ,⁴
2493 1135 2494 1138 ’

1399 1203 1450 1209 -
1481 1181 1816 1235 grammaticalis
1844 1181 2054 1236 scripture
2084 1183 2152 1225 75.

1397 1260 1452 1266 -
1482 1237 1693 1292 scripture
1722 1238 1950 1292 primarius
1982 1240 2050 1281 75.

1398 1317 1450 1324 -—
1482 1296 1692 1350 scripture
1720 1295 1938 1337 hereticus
1967 1295 2023 1337 de
2052 1296 2256 1340 frah-ibus
2286 1299 2357 1340 74.

1399 1375 1451 1381 —-
1483 1353 1693 1407 scripture
1723 1353 1988 1407 sompniacio
2022 1354 2090 1396 74.

1397 1434 1450 1440 -
1482 1410 1714 1451 verborum
1750 1410 1913 1451 domini
1942 1411 2137 1452 accusari
2164 1423 2254 1453 non
2282 1426 2359 1467 po-

1452 1470 1539 1507 test
1569 1468 1637 1509 79.

1397 1546 1450 1552 -
1482 1523 1717 1565 catholicus
1760 1536 1840 1578 per
1874 1536 2036 1578 papam
2070 1525 2144 1567 vel
2179 1525 2359 1568 fratrem

1452 1581 1526 1622 vel
1554 1581 1715 1622 laicum
1745 1581 1924 1622 edoctus
1956 1583 2024 1623 75.

1396 1660 1450 1667 —
1482 1638 1646 1679 domini
1674 1642 1740 1680 est
1769 1638 2048 1680 absconditus
2067 1639 2186 1694 apud
2203 1639 2359 1682 fratres
2444 1702 2445 1707 1

1395 1775 1449 1781 --
1481 1753 1537 1793 ab
1566 1752 1859 1794 instruccione
1889 1753 2073 1808 maligni
2091 1753 2266 1808 spiritus
2286 1767 2360 1796 ex-

1453 1814 1570 1850 ortus
1602 1822 1697 1851 esse
1725 1809 1900 1851 videtur
1929 1811 2026 1852 288.

1396 1889 1450 1896 -
1480 1867 1719 1908 catholicus
1748 1866 1804 1908 de
1832 1880 1984 1922 pugna
2014 1869 2111 1911 629.

1396 1946 1450 1952 -
1482 1924 1668 1965 auctoris
1697 1924 1965 1978 improbatur
1995 1926 2063 1967 75.
2392 1968 2394 1970 ,

1394 1994 1525 2022 —um
1581 1981 1743 2023 domim·
1791 1986 1961 2042 oportet
1992 1990 2186 2037 *semper
2241 1987 2360 2025 stare

1392 2094 1628 2137 Sentencia
1656 2096 1888 2138 cuiuslibet
1915 2096 1980 2138 rei
2011 2097 2126 2138 137.Ι

1390 2175 1446 2183 -
1478 2153 1676 2194 codicum
1705 2154 1999 2208 apostolorum
2028 2154 2097 2197 67.

1391 2233 1445 2239 -
1477 2210 1627 2251 divina
1654 2215 1867 2265 perpetuo
1897 2212 2154 2253 observatur
2182 2211 2280 2254 270.
2358 2245 2365 2252 .

1395 2290 1441 2297 —-
1476 2267 1626 2308 divina
1653 2269 1879 2322 paulative
1910 2268 2064 2310 crescit
2092 2269 2190 2311 270.

1389 2347 1443 2353 -
1473 2325 1652 2366 bullaris
1682 2330 1837 2380 gravat
1864 2325 2140 2367 mendacium
2169 2326 2267 2368 350.

1389 2404 1442 2411 -
1474 2381 1529 2423 de
1548 2383 1799 2437 purgatorio
1814 2381 2036 2424 sufficiens
2049 2382 2235 2424 ecclesie
2257 2383 2354 2425 148.

1387 2462 1442 2469 —
1472 2453 1562 2480 non
1590 2439 1724 2481 habet
1752 2440 2172 2482 demonstracionem
2205 2452 2354 2482 sensu-

1444 2497 1560 2537 alem
1591 2497 1687 2538 177.

1389 2554 1543 2594 —ncie
1572 2554 1680 2595 citra
1707 2553 1839 2595 fidem
1870 2554 1965 2596 177.

1389 2633 1442 2640 —
1472 2611 1609 2652 multe
1654 2611 1709 2652 de
1752 2612 1889 2652 tribus
1932 2611 2119 2653 vinculis
2156 2610 2352 2653 diffusius
2439 2655 2444 2657 ‚
2501 2661 2502 2664 Ἴ

1444 2672 1546 2709 sunt
1575 2668 1758 2710 dicende
1791 2669 1886 2710 162.

1387 2726 1564 2766 -ncias
1578 2726 1813 2767 ventilatas
1843 2738 2039 2768 asserere
2058 2730 2284 2780 tamquam
2302 2725 2351 2767 fi-

1388 2782 1760 2881 -dgdnaslggctor
1795 2840 2019 2895 publicare
2057 2853 2112 2882 ex
2148 2840 2249 2895 lege
2278 2840 2352 2882 dei

1442 2901 1618 2938 tenetur
1648 2898 1745 2939 671.

1386 2953 1668 2996 Sentenciare
1706 2967 1761 2995 ex
1795 2955 1965 3009 integro
2002 2954 2134 2996 fidem
2172 2953 2350 2996 catholi-
2427 2950 2447 2998 s
2502 2978 2503 3000 2

1446 3024 1542 3052 cam
1572 3012 1650 3052 wlt
1677 3012 1833 3052 Wiclif
1858 3013 1956 3053 256.

1386 3067 1525 3122 Sepes
1556 3069 1728 3110 ordines
1757 3069 1916 3123 privati
1948 3069 2043 3111 102.

1383 3125 1429 3166 in
1460 3126 1643 3179 —pibus
1671 3126 1859 3167 latentes
1886 3126 2089 3180 ypocrite
2122 3126 2216 3167 102.

1383 3182 1560 3236 Septem
1597 3183 1713 3224 dona
1747 3184 1920 3237 spiritus
1960 3183 2098 3224 sancti
2125 3181 2349 3235 sufficiunt

1383 3319 1437 3326 -
1466 3301 1650 3351 peccata
1691 3297 1738 3337 in
1781 3297 1953 3352 anglico
1995 3297 2157 3352 populo
2201 3297 2346 3352 expla-

1441 3354 1589 3394 nanda
1617 3359 1718 3395 sunt
1750 3355 1844 3395 126.

1381 3410 1427 3450 in
1450 3410 1692 3465 Septimum
1711 3411 1966 3453 mandatum
1984 3411 2135 3453 tabule
2153 3409 2344 3454 secunde
2462 3460 2466 3471 β

1441 3468 1672 3509 offendunt
1700 3469 1874 3522 plurimi
1906 3469 2000 3510 122.
