2528 4074
375 344 476 390 778

372 479 483 534 Legi
512 479 583 520 dei
612 485 827 521 sectarum
857 479 1008 534 regule
1038 478 1184 520 addite
1218 479 1311 520 183.

371 559 425 566 -
449 536 519 577 dei
540 537 795 590 equivalens
810 542 926 578 secte
941 536 1022 577 sibi
1036 535 1334 590 superaddunt

374 595 530 692 —lrglssi
559 650 772 692 contrarie
809 654 1023 691 sectarum
1052 650 1204 704 regule
1234 653 1335 691 sunt

373 788 419 793 -
428 709 528 819 ἐξιῇ
540 763 666 805 Cristi
679 763 988 804 inmaculatam
1004 763 1220 804 dimittere
1235 763 1332 804 298.

373 845 424 851 -
458 821 529 862 dei
559 821 860 874 derelinquere
891 821 988 862 299.

375 902 424 906 -
450 878 575 919 Cristi
594 890 671 931 per
698 877 957 930 multiplices
975 877 1236 918 tradiciones
1256 889 1333 930 pro

430 935 660 989 religiones
689 935 785 975 525.

374 1015 425 1020 —-
457 992 528 1032 dei
558 997 602 1032 et
630 991 932 1044 operacionem
959 990 1176 1031 dimittere
1207 991 1303 1030 345.

376 1073 425 1077 —
460 1048 585 1089 Cristi
613 1047 787 1088 fidelem
817 1060 924 1101 pure
951 1047 1178 1088 intendere
1199 1059 1333 1101 grave

375 1106 713 1202 —esslteiffll'ffatres
742 1175 830 1202 non
860 1162 1093 1203 observant
1122 1161 1219 1202 332.

376 1243 421 1248 —
465 1223 508 1260 et
551 1218 741 1260 officium
778 1218 940 1259 Cristus
983 1219 1071 1259 suis
1115 1218 1335 1272 discipulis

432 1276 608 1317 tradidit
637 1277 734 1317 670.

1102 335 1400 377 GENERAL
1429 335 1646 376 INDEX.

1418 479 1687 520 Libertatem
1717 482 1867 519 tenere
1897 478 1994 519 284.

1419 558 1473 565 -
1504 535 1579 590 qui
1607 535 1774 589 appetit
1803 540 1847 576 et
1881 535 2242 578 exoneracionem
2268 536 2380 592 legis

1410 624 1416 628 -
1475 592 1650 644 domini,
1681 593 1847 647 appetit
1872 592 2106 646 puritatem
2123 593 2234 648 legis
2254 592 2382 637 eristi

1478 651 1573 691 144.

1419 711 1570 748 contra
1599 729 1652 736 —
1675 706 1988 761 ewangelicam
2006 707 2163 748 Petrus
2173 707 2383 761 -peccavit
2471 727 2477 747 ι

1418 820 1665 861 Libidinem
1686 825 1890 873 spumant
1907 825 2037 872 secte,
2053 819 2225 862 edificia
2238 833 2382 874 sump-

1474 882 1601 917 tuosa
1617 881 1662 917 et
1675 877 1763 917 alia
1777 877 1934 931 regnis,
1950 889 2038 931 que
2051 877 2260 930 incolunt,
2281 882 2383 918 sunt

1474 934 1631 974 nociva
1665 935 1762 976 312.
2423 965 2427 967 Δ
2476 957 2481 963 ·

1419 991 1648 1031 Librarum
1692 991 1748 1032 40
1785 991 1904 1031 milia
1946 990 2101 1033 fratres
2137 991 2192 1033 de
2221 991 2383 1046 Anglia
2429 1003 2432 1007 ’

1476 1047 1703 1088 annuatim
1733 1047 1987 1101 expendunt
2013 1048 2082 1090 28.
2432 1054 2434 1059 ’

1418 1104 1538 1146 Libri
1569 1104 1826 1158 ewangelici
1853 1105 2066 1146 combusti
2093 1105 2190 1148 711.
2410 1143 2412 1145 ,

1421 1185 1474 1191 -
1505 1161 1809 1216 nigromantici
1836 1173 1916 1215 per
1941 1166 2170 1216 magnates
2199 1162 2383 1204 ecclesie

1478 1219 1647 1259 defensi
1677 1219 1772 1260 711.
1823 1268 1827 1270 ἡ

1420 1276 1626 1317 Licencia
1655 1275 1782 1316 Cristi
1809 1289 1899 1316 non
1927 1275 2031 1317 data
2058 1275 2187 1318 sectis
2216 1277 2310 1319 136.

379 1357 426 1362 —
462 1333 584 1374 Cristi
615 1346 723 1387 pure
754 1338 798 1374 et
824 1333 993 1387 integre
1013 1345 1187 1374 servare
1210 1334 1305 1374 138.
1375 1334 1379 1407 Ι
1420 1356 1476 1363 -
1506 1333 1705 1387 specialis
1733 1333 1923 1387 supremi
1951 1332 2114 1374 domini
2141 1333 2240 1376 249.

373 1415 424 1420 —
456 1390 558 1431 fidei
587 1391 727 1431 clerus
756 1391 984 1444 impugnat
1013 1391 1109 1431 245.

371 1471 425 1477 —
456 1447 729 1488 universitati
759 1447 920 1488 Cristus
949 1447 1102 1488 statuit
1131 1449 1198 1489 96.

373 1517 484 1559 —ge
515 1504 643 1545 Cristi
678 1509 864 1545 executa
899 1505 1085 1545 ecclesia
1112 1517 1334 1558 prospera-

429 1567 547 1603 retur
575 1562 671 1602 263.

375 1642 427 1648 -
461 1619 587 1659 Cristi
615 1623 732 1659 secte
761 1632 850 1658 non
879 1623 981 1659 sunt
1009 1619 1205 1660 institute
1236 1619 1333 1661 229.

372 1689 398 1716 a
430 1699 482 1704 —
514 1676 585 1716 dei
615 1675 823 1716 deficiunt
851 1680 968 1716 secte
1001 1677 1095 1717 181.

370 1734 413 1773 in
424 1756 476 1762 —
488 1733 649 1773 domini
664 1732 868 1773 fundacio
883 1733 1221 1781 mendicacionis
1239 1734 1333 1774 195.
1377 1740 1380 1786 ᾖ

373 1802 506 1844 —ges
523 1795 566 1831 et
573 1790 692 1830 bulle
707 1790 887 1843 papales
896 1791 1229 1832 suntrenuenda
1238 1791 1334 1833 599.
1378 1790 1380 1835 ῐ
2424 1823 2426 1827 ,

1377 1840 1380 1875 ³
1422 1871 1476 1878 —
1486 1848 1737 1902 predicandi
1744 1847 1945 1889 sacerdos
1960 1852 2006 1889 et
2019 1846 2242 1902 dyaconus
2254 1848 2390 1891 habet
2416 1883 2418 1886 .
2496 1863 2497 1867 ¹

374 1871 426 1876 -—
458 1848 637 1901 papales
667 1847 873 1902 detegere
905 1849 1001 1888 623.

374 1928 425 1933 —
456 1905 624 1958 private
654 1904 910 1958 diligencius
941 1918 1072 1958 quam
1102 1905 1337 1959 decalogus

430 1963 657 2002 observate
688 1963 785 2002 476.

374 2042 425 2047 -
456 2032 533 2072 pro
563 2019 845 2059 citacionibus
881 2020 977 2060 554.

374 2099 426 2105 —
464 2076 638 2117 novelle
674 2076 772 2130 plus
808 2076 1057 2130 appreciate
1095 2089 1227 2130 quam
1263 2077 1336 2117 lex

429 2138 580 2174 eterna
609 2135 706 2174 477.

374 2213 426 2219 --
457 2190 687 2244 prohibent
715 2190 1063 2231 cohabitaciones
1083 2191 1335 2232 clericorum

432 2253 476 2288 et
505 2248 737 2288 mulierum
767 2249 835 2288 55.

373 2329 425 2334 -
457 2317 571 2359 pape
592 2305 835 2346 distrahunt
854 2317 881 2345 a
899 2305 1061 2346 noticia
1080 2305 1190 2360 legis
1211 2304 1336 2346 Csisti

371 2442 426 2448 —
457 2420 708 2460 abscondite
737 2419 852 2460 scole
883 2419 1060 2472 dyaboli
1090 2420 1186 2461 700.

375 2500 425 2504 -—
458 2476 529 2517 dei
559 2482 675 2517 secte
705 2477 908 2517 minuunt
939 2477 1033 2517 183.

375 2557 422 2562 -
458 2534 730 2574 insensibiles
760 2539 805 2574 et
833 2534 1018 2574 morales
1048 2533 1175 2574 Cristi
1206 2535 1299 2576 139.

373 2591 556 2645 —gibus
585 2603 739 2645 regum
766 2596 880 2632 terre
901 2604 947 2632 se
968 2591 1164 2632 subicere
1183 2591 1335 2632 volun-

430 2647 539 2688 tarie
572 2649 666 2688 105.

372 2705 533 2745 Libera
561 2717 714 2745 secura
743 2704 900 2745 efficax
929 2705 1158 2746 instruccio
1189 2706 1335 2746 ovium

373 2843 426 2848 —
458 2823 579 2859 secta
606 2819 707 2859 Iesu
738 2818 865 2859 Cristi
895 2819 963 2860 25.

375 2889 476 2916 —re
506 2876 664 2916 variari
693 2876 739 2915 in
769 2876 971 2929 operibus
1001 2877 1069 2918 90.

377 2956 429 2961 -
461 2933 622 2974 servire
653 2933 735 2974 deo
765 2946 949 2987 regnum
967 2938 1114 2986 posset
1133 2938 1177 2974 et
1196 2934 1335 2974 inten-

431 2990 533 3030 dere
591 2990 760 3031 actibus
815 2990 1078 3042 yconomicis
1133 2991 1179 3030 in
1227 3004 1334 3045 pace

430 3047 556 3087 Cristi
585 3047 777 3088 securius
807 3048 904 3088 280.

374 3104 554 3145 Liberos
582 3105 766 3158 proximi
794 3117 947 3158 rapere
980 3104 1075 3145 142.
1320 3136 1328 3162 ,

374 3161 571 3201 Libertas
586 3161 888 3202 elemosinaria
903 3166 968 3202 est
981 3161 1229 3202 voluntaria
1238 3163 1332 3203 191.

375 3241 427 3245 -
459 3219 631 3259 arbitrii
650 3218 813 3259 homini
842 3231 869 3259 a
898 3219 980 3259 deo
1011 3218 1114 3259 data
1142 3219 1238 3260 450.

380 3298 423 3304 ——-
459 3287 486 3315 a
517 3275 653 3316 Cristo
682 3276 851 3317 incessa
882 3277 977 3317 185.

377 3354 427 3360 -
458 3337 575 3373 secte
607 3332 733 3373 Cristi
762 3334 829 3374 98.

376 3389 511 3429 -tati
545 3389 670 3430 Cristi
705 3390 984 3431 commiscent
1012 3394 1128 3430 secte
1159 3389 1334 3430 hereses

430 3447 664 3487 contrarias
694 3448 761 3488 90.

1376 1411 1378 1425 ³
1422 1414 1475 1419 ——
1506 1390 1563 1430 ad
1591 1390 1850 1430 variandum
1878 1390 1925 1430 in
1953 1389 2106 1431 ritibus
2133 1390 2232 1432 492.

1422 1471 1476 1476 —
1485 1452 1700 1488 sectarum
1710 1447 1822 1488 filios
1830 1447 2014 1488 ecclesie
2025 1446 2308 1503 expugnandi
2315 1449 2384 1491 68.
2429 1466 2432 1470 ·

1423 1528 1476 1533 ——
1507 1505 1734 1559 pugnandi
1762 1505 1808 1544 in
1837 1504 2050 1558 episcopis
2079 1505 2148 1546 69.

1424 1585 1476 1590 —
1507 1562 1688 1613 citandi,
1720 1574 1747 1602 a
1777 1575 1863 1616 quo
1893 1562 1990 1603 550.
2490 1589 2491 1597 1

1422 1643 1476 1648 —
1506 1619 1675 1659 bullata
1703 1619 1759 1659 ad
1789 1618 2075 1660 occidendum
2101 1619 2256 1661 fratres
2284 1619 2385 1662 459.

1422 1699 1476 1706 --
1507 1676 1578 1717 dei
1606 1681 1830 1730 tamquam
1859 1676 1933 1717 lex
1964 1677 2059 1718 137.
2416 1720 2419 1722 ,

1422 1746 1550 1778 ——am
1569 1733 1822 1787 predicandi
1840 1733 2025 1788 apostoli
2037 1746 2127 1775 non
2140 1733 2389 1776 habuerunt

1478 1803 1506 1831 a
1534 1791 1664 1831 Petro
1694 1792 1792 1832 405.

1421 1963 1698 2003 Licenciacio
1727 1962 1938 2003 anticristi
1969 1963 2064 2005 1-40.

1421 2020 1564 2060 Licita
1592 2019 1873 2073 desponsacio
1901 2032 1929 2060 a
1956 2032 2072 2074 papa
2103 2020 2199 2062 167.

1421 2077 1602 2131 Ligacio
1631 2077 1814 2118 sathane
1844 2078 1940 2119 392.

1421 2135 1582 2189 Ligare
1612 2139 1657 2175 et
1684 2134 1853 2176 solvere
1873 2134 2149 2175 conformiter
2167 2133 2300 2189 capiti
2319 2146 2386 2176 ec-

1479 2191 1611 2232 clesie
1646 2192 1743 2232 624.
2349 2220 2354 2225 -
2418 2218 2421 2221 -

1422 2253 1577 2290 —atus
1596 2261 1675 2302 per
1694 2249 1889 2290 membra
1908 2261 1988 2290 sua
2008 2249 2055 2289 in
2073 2248 2246 2290 tartaris
2264 2248 2386 2303 spiri-
2408 2252 2415 2266 .-

1478 2311 1548 2346 tus
1577 2306 1795 2360 malignus
1825 2307 1922 2347 392.
2391 2322 2397 2325 ·
2501 2319 2504 2334 ⁴

1423 2363 1582 2404 —andi
1603 2367 1646 2404 et
1665 2363 1862 2404 solvendi
1880 2362 2200 2417 plenitudinem
2220 2362 2384 2405 Oristus
2418 2375 2428 2391 ³
2502 2378 2503 2381 ¹

1479 2420 1600 2461 dedit
1628 2421 1826 2461 omnibus
1856 2420 2060 2474 apostolis
2090 2422 2186 2462 666.
2406 2457 2415 2466 ,

1419 2477 1649 2518 Limitacio
1677 2477 2023 2532 ingrediencium
2051 2477 2109 2518 ad
2137 2476 2385 2519 mendacio-
2406 2499 2407 2503 =

1478 2548 1579 2575 nem
1615 2536 1682 2576 97.

1419 2593 1657 2633 Linearum
1701 2592 1885 2633 duarum
1927 2593 2121 2634 alternus
2161 2596 2419 2635 contactus-

1479 2654 1545 2690 est
1573 2649 1756 2703 angelus
1785 2650 1883 2691 395.
2388 2671 2405 2690 .-

1419 2707 1606 2761 Lingwa
1640 2707 1821 2747 fratrum
1857 2707 2039 2761 alligata
2071 2710 2222 2748 contra
2259 2704 2407 2754 01136

1478 2764 1678 2818 regulam
1706 2766 1775 2805 48.
1975 2803 1978 2806 ,

1420 2843 1475 2851 -
1512 2821 1694 2872 hebrea,
1739 2821 1914 2876 anglica
1957 2825 2038 2862 etc.
2075 2825 2178 2862 sunt
2211 2820 2409 2873 habitus-f>¹

1477 2878 1587 2933 legis
1617 2878 1778 2918 domini
1808 2879 1904 2920 700.

1419 2936 1466 2976 111
1493 2958 1546 2965 —-
1567 2935 1725 2989 triplici
1745 2935 2035 2990 ewangelium
2054 2935 2206 2990 regine
2225 2933 2407 2990 Anglie

1480 2998 1707 3033 exaratum
1739 2994 1834 3034 168.
2042 3009 2045 3011 ’
2384 2992 2398 3046 [ἱ

1420 3062 1543 3090 —we
1587 3063 1675 3090 non
1718 3049 1940 3090 sufficiunt
1987 3049 2216 3090 mendacia
2268 3044 2410 3104 pap&

1478 3106 1702 3160 publicare
1731 3108 1828 3148 350.
2375 3127 2378 3132 ·
2403 3106 2406 3107 ⁷

1423 3177 1592 3204 -wam
1630 3163 1776 3205 debite
1820 3164 2084 3205 refrenatam
2113 3162 2268 3204 fratres
2294 3168 2406 3206 nom‘

1478 3221 1642 3262 habent
1670 3222 1738 3261 48.
2411 3254 2417 3270 2

1419 3279 1466 3318 in
1480 3279 1614 3319 -wis
1629 3278 1760 3318 variis
1775 3278 1959 3332 apostoli
1972 3277 2104 3318 fidem
2122 3275 2418 3332 conscripse·:'

1478 3340 1580 3376 runt
1610 3336 1704 3376 116.
2007 3376 2011 3379 Α
2151 3338 2154 3339 ’
2406 3340 2417 3355 ”

1420 3393 1567 3433 Litere
1596 3392 1915 3433 fraternitatum
1945 3393 2020 3444 353
2053 3392 2158 3445 1433
2191 3390 2287 3434 193¹.

1376 3478 1379 3490 1
1422 3462 1547 3490 —ras
1568 3449 1777 3490 discordie
1806 3448 1972 3503 fingere
2001 3449 2116 3490 inter
2142 3458 2286 3502 regma.
2306 3445 2378 3488 32.
2406 3451 2419 3513 ¹:
