2528 4074
318 405 420 451 836

320 544 443 583 Unus
471 542 598 582 homo
613 546 715 582 sunt
729 541 952 595 dampnati
966 540 1162 581 homines
1179 541 1275 581 328.

320 622 371 628 -
404 600 530 640 homo
560 603 661 639 sunt
689 599 845 639 salvati
874 599 1069 640 homines
1104 599 1199 638 328.

321 671 448 697 ——um
478 669 632 710 corpus
662 661 728 697 est
757 657 939 711 quilibet
974 669 1183 696 novorum
1215 668 1278 695 or-

377 714 526 755 dinum
556 714 651 754 325.

322 785 434 812 -na
463 771 595 812 debet
623 783 717 811 esse
746 770 852 811 fides
883 770 1064 812 ecclesie
1095 771 1191 812 399.

323 851 374 857 —-
405 828 513 869 fides
541 827 705 869 credita
734 840 761 868 a
788 832 879 868 toto
900 840 1076 882 corpore
1097 827 1279 868 ecclesie

379 886 509 926 debet
537 898 631 926 esse
662 886 761 926 380-

323 966 374 972 —
405 942 546 983 hostia
575 947 640 983 est
669 955 723 982 ex
754 942 949 982 doctrina
979 941 1105 982 Cristi
1135 942 1230 982 381.

323 1024 375 1029 -
406 1004 620 1040 sectarum
650 998 808 1039 sufficit
836 1012 936 1051 ymo
957 998 1183 1052 superfluit
1212 999 1279 1039 26.

324 1081 374 1086 ——
407 1061 532 1111 gutta
559 1070 647 1096 non
677 1061 805 1097 cavat
831 1055 1024 1110 lapidem
1053 1056 1150 1097 400.

322 1137 375 1144 -
405 1126 590 1168 persona
619 1112 745 1154 Cristi
774 1114 870 1154 380.

323 1185 451 1212 —um
481 1184 634 1224 corpus
664 1175 729 1210 est
756 1170 970 1211 exercitus
990 1170 1165 1222 dyaboli
1185 1170 1280 1210 325.

323 1252 376 1259 -—
406 1241 560 1281 corpus
588 1227 919 1281 dampnatorum
950 1231 995 1268 et
1019 1227 1283 1268 salvatorum

378 1285 576 1339 prohibet
603 1284 769 1325 invidia
797 1284 973 1338 dyaboli
1007 1285 1103 1325 328.

322 1342 630 1396 Unusquisque
660 1356 768 1383 onus
796 1355 923 1383 suum
950 1342 1139 1396 portabit
1167 1342 1263 1382 329.

324 1401 528 1441 Urbanus
544 1413 632 1440 non
648 1399 1171 1440 auctorizavitcruciatam
1187 1400 1283 1440 574.

322 1457 494 1511 Urgent
521 1456 673 1497 fideles
701 1457 908 1498 anticristi
938 1461 1084 1511 partes
1113 1457 1209 1498 244.

323 1514 562 1568 Usurpacio
591 1514 777 1555 nominis
806 1515 986 1555 fratrum
1016 1516 1084 1555 37.

324 1572 439 1613 Usus
483 1571 764 1612 ecclesiarum
800 1585 889 1612 non
926 1571 1189 1626 generaliter
1225 1572 1286 1612 di-

380 1629 578 1670 mittendi
606 1630 702 1670 345.

326 1710 378 1716 ——
410 1686 690 1727 ecclesiarum
721 1688 816 1728 345.

326 1767 378 1774 -
409 1743 689 1784 ecclesiarum
731 1748 960 1798 acceptent
995 1744 1287 1798 ewangelium

325 1859 523 1913 Uterque
551 1871 763 1912 paparum
792 1858 838 1898 in
867 1858 1033 1899 invidia
1063 1862 1129 1899 est
1158 1859 1255 1899 460.

326 1916 445 1957 Utile
484 1915 561 1956 uni
597 1928 781 1969 persone
819 1920 885 1956 est
914 1915 1030 1969 quod
1059 1916 1186 1957 alteri
1213 1929 1287 1957 no-

383 1973 527 2014 civum
557 1974 653 2015 303.

327 2031 443 2071 —lia
471 2030 693 2071 dimittunt
721 2030 911 2085 episcopi
939 2031 1034 2071 262.

329 2089 467 2129 —lius
497 2087 613 2142 quod
642 2092 708 2130 est
735 2089 813 2129 uni
843 2092 909 2129 est
937 2087 1063 2129 alteri
1091 2088 1288 2130 nocivius

329 2203 504 2244 Utilitas
534 2202 717 2244 ecclesie
745 2202 869 2243 illata
899 2204 966 2244 89.

328 2260 382 2301 de
413 2265 559 2301 —tate
587 2264 779 2300 statuum
813 2260 860 2300 in
890 2260 1076 2301 ecclesia
1104 2260 1290 2302 Cristum

387 2317 700 2358 consulendum
730 2330 824 2358 esse
855 2318 922 2358 61.

329 2375 520 2416 Uxorem
548 2374 731 2429 proximi
759 2375 1063 2429 concupiscere
1095 2376 1190 2417 142.

773 2500 832 2545 V.

331 2605 531 2644 Vacuum
559 2603 650 2643 odit
677 2603 784 2643 deus
819 2604 888 2644 25.

333 2661 506 2701 Vadere
522 2660 579 2700 ad
591 2660 810 2701 infernum
819 2665 862 2701 et
870 2661 1184 2703 beatitudinem
1197 2664 1289 2704 146.

332 2717 608 2772 Vagabunde
635 2722 754 2758 secte
785 2719 851 2758 73.

332 2775 526 2830 Vagacio
556 2779 601 2816 et
627 2774 869 2815 sollicitudo
898 2776 1102 2817 secularis
1127 2777 1292 2817 cultum

391 2833 463 2873 dei
489 2832 732 2886 impediunt
760 2833 856 2874 502.

333 2891 379 2930 111
408 2890 626 2944 Vaginam
652 2902 814 2943 ponere
844 2889 1038 2944 gladium
1067 2891 1164 2931 288.

334 2947 548 2988 Valencia
576 2951 627 2995 etv
648 2947 780 2987 inicia
807 2953 1022 2988 sectarum
1053 2948 1120 2988 73.

335 3004 515 3045 Validos
542 3003 791 3045 mendicare
819 3018 908 3046 non
937 3005 1064 3045 decet
1092 3006 1188 3046 366.

338 3062 545 3102 —dorum
575 3061 842 3103 mendicacio
875 3063 970 3104 196.

337 3121 465 3160 Vana
492 3119 644 3173 religio
673 3119 853 3159 fratrum
885 3121 951 3160 48.

339 3199 392 3206 -
424 3177 564 3230 gloria
591 3180 806 3224 sectarum
842 3178 938 3218 303.

338 3233 538 3275 Variacio
573 3233 852 3274 accidentalis
884 3234 1083 3275 ordinum
1109 3236 1298 3289 privato-

396 3297 540 3331 torum
569 3292 665 3332 531.

342 3372 396 3378 —-
424 3348 611 3389 vestium
638 3349 737 3389 455.

343 3429 395 3435 —
425 3405 652 3446 habituum
680 3418 769 3446 non
795 3405 930 3446 habet
952 3407 1173 3448 racionem
1201 3407 1270 3448 26.

344 3485 396 3491 -
427 3462 783 3503 vestimffltorum
813 3462 939 3503 Cristi
967 3465 1035 3505 27.

345 3542 396 3550 —
428 3519 777 3561 indumentorum
800 3520 998 3562 ordinata
1016 3534 1044 3562 a
1063 3520 1200 3563 Gristo
1229 3522 1297 3563 27.

1036 398 1333 438 GENERAL
1363 399 1580 440 INDEX.

1363 542 1563 582 Variacio
1593 542 1819 583 habituum
1849 543 1892 581 in
1933 542 2075 583 colore
2112 547 2157 583 et
2184 542 2324 598 figura

1415 612 1508 639 non
1537 599 1669 640 habet
1709 599 1930 640 racionem
1956 599 2226 653 probabilem
2252 601 2322 642 26.

1363 656 1535 697 Variari
1562 657 1608 697 in
1636 657 1788 698 habitu
1818 657 1885 698 28.

1366 713 1588 755 -riantur
1624 718 1741 756 secte
1780 718 1966 769 quatuor
1994 726 2022 755 a
2049 718 2179 755 secta.
2199 713 2326 756 Gristi

1367 828 1537 868 ——riant
1564 833 1681 869 secte
1710 828 1756 869 in
1783 828 1871 870 fide
1901 829 1996 870 381.

1371 906 1420 913 -
1451 889 1568 926 secte
1597 884 1643 925 in
1671 897 1747 939 spe
1779 887 1878 927 381.

1367 964 1422 972 —
1453 940 1624 982 ordines
1654 954 1681 982 a
1709 947 1829 983 secta
1857 942 1983 984 Cristi
2011 944 2079 984 25.

1369 1020 1422 1028 —
1453 998 1624 1039 ordines
1653 999 1699 1039 in
1728 999 1871 1040 colore
1901 1004 1946 1040 et
1971 999 2114 1054 figura
2142 1001 2211 1042 27.

1366 1055 1567 1096 Varietas
1596 1056 1820 1097 excessiva
1847 1056 2045 1098 ordinum
2073 1058 2142 1100 97.

1370 1117 1561 1153 —tatem
1591 1112 1754 1153 Gristus
1782 1113 1998 1154 ordinavit
2030 1115 2099 1156 97.

1369 1174 1517 1210 -tate
1533 1170 1799 1210 circumdata
1812 1170 1966 1224 regina
1980 1171 2164 1214 ecclesia
2177 1177 2244 1214 est
2259 1174 2327 1214 88.

1369 1227 1586 1268 Vecordia
1613 1227 1887 1277 sacerdotum
1917 1228 2015 1269 218.

1369 1286 1532 1325 Vecors
1560 1284 1723 1326 heresis
1752 1285 1820 1326 95.

1369 1341 1666 1383 Vehemencia
1681 1341 1864 1396 Spiritus
1879 1341 1921 1384 S.
1941 1341 2103 1397 figurat
2120 1342 2330 1384 fortitudi-

1426 1412 1528 1439 nem
1557 1399 1827 1453 spiritualem
1856 1400 1954 1440 218.

1370 1456 1574 1497 Vendere
1604 1457 1849 1497 oracionem
1877 1469 2006 1497 nemo
2036 1456 2168 1498 debet
2197 1457 2292 1499 346.

1372 1537 1427 1543 —
1456 1514 1618 1567 patrias
1645 1514 1800 1554 volunt
1827 1513 2124 1555 mendicantes
2153 1515 2222 1556 33.

1374 1571 1538 1611 —dunt
1565 1571 1702 1612 solide
1731 1571 1902 1612 ordines
1930 1571 2176 1612 oracionem
2195 1573 2303 1614 347.

1374 1652 1426 1658 -
1457 1629 1610 1669 fratres
1638 1641 1876 1680 sermoneS,
1912 1628 2061 1670 literas
2088 1628 2334 1671 fraternita-

1428 1690 1534 1737 tum,
1565 1685 1773 1740 suffragia
1801 1691 1882 1727 etc.
1913 1687 2009 1727 222.

1372 1743 1607 1784 Vendicari
1634 1744 1819 1797 apostoli
1845 1743 2079 1785 voluerunt
2107 1745 2204 1786 610.

1375 1804 1502 1841 —cat
1527 1800 1686 1855 refuga
1711 1801 1905 1842 iudicare
1939 1805 2077 1842 totam
2106 1801 2335 1843 eeclesiam

1372 1915 1665 1957 Vendiciones
1693 1914 1837 1956 meriti
1854 1915 1967 1970 largi
1983 1927 2064 1971 per
2080 1920 2222 1957 sectas
2239 1917 2334 1958 143.

1372 1974 1605 2014 Venenum
1620 1972 1796 2025 dyaboli
1809 1972 2024 2014 inclusum
2040 1973 2087 2014 in
2101 1984 2216 2028 papa
2237 1975 2334 2015 461.

1372 2031 1655 2071 Venenosum
1667 2029 1874 2084 poculum
1887 2030 2259 2085 fratespropinant
2267 2033 2334 2074 56.

1374 2088 1431 2128 ad
1459 2089 1692 2129 Venenum
1720 2086 1877 2128 mulier
1905 2088 2153 2129 assuefacta
2180 2088 2278 2130 259.

1373 2147 1652 2186 Venerantur
1679 2144 1874 2186 indebite
1902 2145 2060 2186 fratres
2089 2147 2158 2187 52.

1374 2203 1566 2244 Venerei
1593 2206 1715 2243 actus
1744 2206 1961 2243 sectarum
1993 2203 2088 2245 142.

1375 2261 1545 2301 Ventus
1573 2259 1775 2313 superbie
1806 2261 1874 2301 72.

1377 2318 1468 2358 —ti
1494 2317 1788 2358 inconstantes
1818 2318 1886 2358 72.

1375 2375 1589 2428 Veprium
1619 2374 1865 2428 amputacio
1897 2375 1993 2416 102.

1376 2433 1589 2486 Veracem
1626 2431 1765 2472 vitam
1807 2436 1978 2485 oportet
2016 2432 2239 2474 terminari
2282 2433 2339 2474 ad

1433 2494 1579 2543 partes
1606 2488 1804 2530 veritatis
1834 2490 1930 2530 357.

1377 2546 1589 2588 Verbales
1615 2546 1714 2587 lites
1744 2546 1811 2587 37.

1376 2604 1570 2645 Verbum
1599 2603 1672 2644 dei
1699 2603 1924 2658 predicare
1956 2604 2051 2645 120.

1380 2685 1432 2690 -
1464 2661 1536 2702 (161
1564 2661 1727 2712 docuit,
1765 2661 1982 2715 quomodo
2010 2661 2150 2703 voluit
2175 2661 2340 2703 clerum

1434 2732 1562 2759 suum
1589 2718 1782 2774 regulari
1809 2719 1910 2761 420.

1380 2799 1432 2805 -
1465 2776 1538 2817 (161
1564 2789 1612 2817 se
1639 2776 1782 2830 ipsum
1810 2776 1856 2816 in
1883 2776 2158 2831 plenitudine
2175 2781 2340 2831 tempo-

1435 2834 1492 2874 ris
1521 2833 1766 2874 incarnavit
1792 2834 1890 2875 420.

1381 2913 1434 2919 —
1464 2891 1536 2932 dei
1571 2891 1825 2932 eternaliter
1858 2891 2056 2945 genitum
2091 2891 2343 2933 eternaliter

1437 2948 1630 2990 condidit
1655 2960 1791 2989 unam
1818 2948 1964 3003 legem
1994 2949 2091 2990 420.

1382 3028 1434 3034 —-
1463 3005 1706 3060 predictum
1726 3005 1784 3046 ad
1801 3010 2062 3060 perpetuum
2081 3005 2153 3047 dei
2170 3006 2341 3061 dispen-

1437 3063 1557 3104 dium
1585 3076 1674 3103 non
1702 3063 1905 3104 formidat
1933 3064 2039 3116 4173
2069 3064 2168 3105 418.

1382 3143 1437 3149 —
1467 3121 1539 3161 dei
1574 3120 1721 3161 multis
1756 3120 2002 3162 hominibus
2029 3121 2112 3162 fuit
2137 3121 2341 3176 illapsum

1383 3257 1437 3264 —
1467 3235 1695 3276 confusum
1721 3236 1932 3289 scripture
1961 3236 2030 3278 78.

1383 3315 1437 3321 —
1467 3293 1540 3333 dei
1565 3293 1790 3346 publicare
1825 3294 1920 3335 120.

1383 3372 1437 3379 —
1467 3350 1659 3390 iocosum
1688 3351 1757 3391 79.

1383 3429 1436 3435 -
1468 3406 1538 3447 (161
1567 3407 1719 3448 audire
1747 3407 1843 3448 120.

1383 3463 1440 3504 ad
1484 3487 1537 3492 —
1581 3463 1744 3505 domini
1785 3468 1904 3505 secte
1943 3467 2168 3519 tamquam
2210 3463 2342 3505 fidem

1441 3521 1609 3563 addunt
1638 3522 1734 3563 181.
