2528 4074
86 1646 100 1688 Η
122 1646 333 1686 csoz.171a

351 384 453 431 424
1052 379 1370 419 JOHANNIS
1408 380 1639 427 WIOLJF,
2113 373 2221 433 [cap.
2251 378 2342 423 III

490 522 562 573 Et
587 539 700 572 cum
727 522 922 588 spiritui
948 529 1121 571 sancto
1148 521 1504 587 appropriatur
1535 522 1834 587 benignitas,
1874 540 2084 588 regnum
2109 531 2336 573 nostrum

350 616 574 660 servaret
624 615 729 658 tam
780 608 1078 657 intrinsecus
1130 624 1280 672 quam
1334 605 1697 658 extrinsecus²9
1751 609 2012 659 caritatem
2049 616 2101 659 et
2135 610 2337 675 omnino

349 712 527 760 pacem
565 712 679 744 cum
717 694 916 753 exteris,
957 710 1070 742 cum
1107 692 1402 754 redditibus,
1429 695 1528 760 *qui
1563 695 1664 744 iam
1703 702 1820 745 sunt
1854 696 1906 744 in
1943 713 2097 745 manu
2121 703 2334 756 mortua,

349 781 462 830 loca
499 781 604 830 eius
641 780 856 830 confinia
892 778 1192 838 roborandO,
1232 795 1324 828 nec
1364 780 1634 830 seducatur
1669 798 1880 845 regnum
1917 798 2009 847 per
2044 782 2215 831 fictam
2251 799 2336 846 po-

349 866 567 916 tenciam
618 866 700 916 vel
739 866 882 929 signa
925 863 1254 929 impossibilia
1292 865 1552 915 anticristi.
1625 866 1757 916 Nam
1769 865 1815 893 ³⁰
1852 867 1976 917 fides
2013 867 2217 916 doceret
2250 866 2337 916 ho·
2381 874 2405 911 5
2441 914 2444 918 Δ

349 953 521 1011 mines,
562 953 694 1017 quod
732 951 902 1000 nullus
937 950 1163 1016 prelatus
1200 950 1356 1000 habet
1390 958 1691 1015 potestatem
1729 953 1823 1002 nisi
1859 953 1926 1002 ad
1963 953 2338 1003 edificacionem

350 1037 573 1097 ecclesie,
628 1034 771 1086 sed³1
810 1054 911 1086 non
949 1043 1024 1086 est
1058 1043 1282 1101 potestas
1321 1036 1649 1098 edificatoria,
1698 1039 1792 1087 nisi
1828 1038 1980 1087 fuerit
2014 1055 2141 1104 pure
2178 1036 2339 1088 libera

350 1130 400 1172 et
436 1140 467 1171 a
504 1123 612 1172 deo.
690 1118 801 1172 Si³2
838 1122 970 1171 enim
1007 1122 1157 1171 homo
1194 1130 1363 1188 posset
1399 1139 1562 1172 emere
1598 1124 1948 1188 indulgencias
1985 1131 2036 1174 et
2070 1118 2339 1191 privilegia

349 1209 645 1275 spiritualia,
701 1208 882 1274 quibus
933 1208 1042 1274 quis
1089 1206 1310 1258 celum-³³
1349 1209 1644 1275 acquireret,
1698 1217 1818 1259 tunc
1854 1217 1963 1260 tota
2000 1227 2114 1276 spes
2149 1207 2339 1261 foratu

348 1296 523 1344 mundi
561 1294 800 1345 divitibus
837 1301 887 1343 et
923 1294 1213 1359 desperacio
1250 1295 1559 1360 pauperibus
1590 1295 1953 1355 beatitudinem
1980 1293 2338 1363 acquirendi-‘³⁵
2356 1303 2409 1342 10
2435 1349 2438 1352 Δ

348 1382 444 1431 Est
478 1377 686 1445 igitur-'²⁶
723 1376 1075 1429 medicinalem
1115 1380 1434 1446 principium,
1489 1399 1589 1443 non
1636 1382 1837 1431 credere
1884 1383 2020 1431 omni
2055 1383 2253 1448 spiritui
2286 1383 2340 1432 in
2397 1392 2401 1396 '

347 1468 443 1517 hac
496 1473 657 1532 parte,
713 1467 800 1515 sed
839 1466 1122 1526 dumtaxat,
1178 1466 1240 1515 de
1293 1473 1480 1532 quanto
1532 1469 1734 1517 racione
1786 1485 1838 1517 se
1874 1465 2219 1519 fundaverit3⁸
2257 1463 2340 1519 vel

349 1548 634 1618 seripturab.
708 1551 780 1601 Et
828 1552 973 1601 iuxta
1016 1552 1112 1601 hoc
1149 1552 1454 1617 principium
1491 1570 1638 1602 nemo
1677 1554 1904 1603 crederet
1937 1570 2072 1619 pape
2109 1554 2194 1605 vel
2228 1571 2340 1620 pre-

349 1639 453 1688 lato
507 1638 653 1687 alteri
703 1638 755 1686 in
783 1644 802 1696 ΙΙ
828 1638 1104 1703 privilegiis
1155 1638 1238 1687 vel
1289 1638 1400 1687 aliis
1452 1639 1798 1704 spiritualibus
1846 1639 2115 1703 suffragiis,
2170 1640 2252 1690 vel
2286 1641 2341 1689 in

349 1722 960 1785 excommunicacionibus
1011 1724 1094 1773 vel
1147 1725 1368 1774 censuris
1420 1725 1545 1785 aliis,
1600 1725 1694 1774 nisi
1745 1725 1808 1774 de
1846 1732 2034 1792 quanto
2071 1734 2254 1776 sonant
2287 1727 2340 1776 in
2358 1730 2410 1772 15

345 1811 587 1860 iudicium
623 1808 740 1858 Iesu
778 1808 944 1859 Cristi.

488 1896 714 1945 Horreat
762 1891 970 1960 igitur39
1022 1913 1233 1960 regnum
1278 1895 1482 1961 Anglie,
1537 1898 1672 1963 quod
1724 1893 2051 1948 deveniant4⁰
2102 1898 2339 1960 heretice,

346 1982 619 2048 proditorie
656 1988 707 2031 et
742 1982 964 2046 maligne
1001 1982 1251 2046 generalis
1288 1990 1586 2048 procurator
1624 1983 1845 2049 dyaboli,
1900 2001 2016 2034 cum
2066 1985 2215 2035 nimis
2260 1985 2338 2044 sit,
2380 2049 2382 2051 Ι

347 2068 480 2134 quod
534 2074 709 2117 contra
746 2067 909 2132 legem
948 2067 1135 2117 domini
1183 2086 1296 2118 cum
1336 2069 1436 2118 suis
1472 2066 1890 2134 temporalibusfl
1929 2067 2180 2121 dotaverit
2216 2072 2342 2121 anti-

347 2155 567 2204 cristum.
619 2153 714 2202 Est
746 2154 951 2218 insuper
974 2154 1136 2203 maius
1160 2154 1373 2214 facinus,
1415 2155 1548 2220 quod
1572 2155 1624 2204 in
1649 2163 1808 2205 morte
1833 2156 2019 2221 prelati
2041 2173 2252 2222 regnum
2279 2157 2342 2206 de
2358 2165 2415 2203 ‘20

346 2258 477 2291 novo
517 2235 854 2290 consenciat-‘²2
889 2240 1045 2304 priori
1080 2240 1293 2289 facinori
1330 2247 1381 2289 et
1417 2241 1691 2302 confirmet,
1746 2249 1797 2291 et
1833 2243 2034 2292 omnino
2070 2242 2344 2307 pessimum
2414 2248 2423 2299 j

347 2334 436 2387 est,
478 2327 612 2392 quod
640 2325 813 2374 fideles
837 2325 889 2374 in
916 2326 1116 2374 domino
1140 2325 1506 2391 prohibeantur
1529 2343 1621 2391 per
1644 2325 2142 2389 incarceraciones,⁴³
2178 2329 2344 2394 priva-

349 2412 515 2461 ciones
568 2418 619 2460 et
670 2428 905 2460 censuras
958 2393 1083 2460 alias
1122 2411 1289 2460 dicere
1326 2412 1500 2477 palam
1536 2413 1727 2478 populo
1764 2413 1930 2478 legem
1968 2413 2135 2464 Oristi.
2208 2414 2344 2464 Nam
2414 2472 2426 2482 ‚

349 2497 702 2562 pseudofrater
753 2497 1023 2562 predicans
1060 2497 1276 2546 heresim
1313 2498 1635 2548 manifestam
1674 2499 1769 2548 erit
1804 2499 2100 2550 licenciatus
2140 2499 2206 2550 ab
2244 2500 2346 2566 epi-

351 2600 504 2649 scopo
559 2590 609 2633 et
648 2583 938 2632 defensatus
976 2600 1006 2632 a
1044 2583 1261 2633 seculari
1296 2583 1520 2644 brachio,
1575 2585 1664 2634 sed
1701 2586 1936 2635 sacerdos
1971 2585 2134 2635 fidelis
2171 2585 2387 2637 volens?
2416 2610 2424 2647 ⁴,

704 2750 720 2774 ²³
750 2753 847 2792 with
883 2753 962 2805 ref.
1003 2757 1044 2792 to
1082 2755 1162 2793 this
1197 2755 1294 2794 idea
1330 2756 1444 2807 often
1471 2756 1689 2807 repreated
1718 2756 1767 2808 by
1805 2756 1882 2802 W,
1926 2771 1988 2809 ep.
2019 2757 2143 2796 above
2163 2771 2210 2809 p.
2240 2759 2345 2804 956,-

542 2872 549 2876 .
626 2824 717 2864 also
748 2825 869 2864 above
897 2825 972 2863 De
1004 2826 1202 2865 Christo
1233 2830 1338 2867 εἷς.
1371 2828 1475 2866 adv.
1507 2828 1724 2866 antiehr.
1756 2841 1846 2879 cap.
1886 2828 1994 2874 VII,
2024 2827 2257 2867 conclusion

463 2949 499 2974 2⁹
529 2953 626 2993 intr.
659 2967 698 3006 q.
732 2956 838 2993 extr.
859 2954 917 3015 02(
978 2957 1083 2993 extr.
1117 2967 1156 3007 q.
1187 2954 1285 2995 intr.
1303 2957 1388 2995 EF
1469 2953 1506 2977 3⁰
1534 2968 1637 2995 nam
1655 2955 1728 2994 CF
1780 2955 1897 2995 unde
1914 2956 1984 3017 Ey
2080 2952 2115 2976 3¹
2147 2955 2224 2996 sed
2239 2956 2348 3018 EFy
2420 2974 2422 2978 ³

406 3025 527 3063 om.O
637 3021 674 3044 33
704 3024 740 3063 si
758 3025 818 3086 Cy
877 3024 954 3064 sed
969 3026 1055 3064 EF
1163 3022 1202 3046 33
1231 3027 1373 3066 celum
1397 3029 1430 3066 Ο
1484 3032 1624 3067 totum
1639 3027 1747 3088 EFy
1852 3023 1890 3047 ³4
1919 3027 2030 3067 foret
2046 3027 2148 3088 OEy
2207 3039 2282 3068 om.
2301 3028 2349 3073 F,

350 3096 420 3134 but
453 3095 643 3147 supplied
678 3096 721 3134 in
757 3110 861 3135 mam.
901 3097 949 3148 by
986 3098 1051 3135 the
1087 3099 1284 3137 texthand
1447 3096 1485 3120 3⁵
1522 3097 1775 3152 acquirendi
1799 3099 1833 3136 O
1934 3097 2247 3152 acquirendum
2268 3098 2355 3138 EF
2410 3099 2415 3110 ”

407 3166 733 3219 adquerendum
748 3183 777 3228 y
882 3164 919 3188 3⁶
949 3167 1081 3221 igitur
1098 3169 1132 3206 O
1206 3181 1308 3222 ergo
1327 3171 1434 3232 EFy
1548 3166 1584 3191 3⁷
1615 3169 1874 3209 medicinale
1893 3170 1951 3231 Cy
2009 3169 2295 3210 medicionale
2313 3169 2356 3208 F

406 3237 692 3286 medicionale
708 3240 769 3285 E,
800 3239 869 3278 but
898 3241 963 3278 the
992 3251 1016 3278 o
1046 3240 1083 3278 is
1112 3254 1169 3280 cr.
1200 3244 1272 3279 out
1299 3243 1383 3280 and
1410 3243 1479 3281 ud.
1603 3237 1641 3262 33
1669 3240 1920 3280 fundaverit
1936 3242 1995 3303 Cy
2053 3240 2254 3281 fundavit
2268 3241 2355 3280 EF

349 3306 386 3330 3⁹
416 3309 547 3362 igitur
565 3310 598 3347 O
653 3322 755 3363 ergo
772 3311 880 3372 EFy
996 3307 1032 3330 4⁰
1063 3309 1299 3351 deveniant
1318 3313 1351 3350 O
1426 3312 1594 3352 derivat
1623 3313 1670 3363 (ἲ
1690 3310 1873 3363 divinat)
1889 3328 1918 3373 y
1993 3311 2168 3352 eveniat
2184 3312 2226 3351 F
2292 3324 2349 3351 on
2404 3350 2406 3352 ,

351 3381 438 3430 (cr.
461 3385 532 3420 out
551 3383 634 3420 and
652 3382 750 3432 ud.)
772 3381 970 3421 divinant
985 3382 1032 3431 (ἵ
1061 3381 1276 3434 derivant)
1293 3384 1339 3422 E
1421 3380 1456 3404 4¹
1489 3396 1587 3423 cum
1617 3396 1648 3423 s.
1679 3387 1810 3435 temp.
1832 3383 1866 3421 O
1911 3396 1986 3423 om.
2004 3384 2114 3445 EFy
2186 3379 2223 3404 ‘¹2
2251 3395 2349 3422 con·
2413 3411 2418 3424 .

351 3451 515 3491 senciat
533 3453 566 3490 O
620 3452 899 3492 consenciant
915 3454 1022 3514 EFy
1100 3450 1137 3474 43
1166 3453 1533 3494 incarceraciones
1551 3455 1610 3516 Cy
1669 3453 1989 3494 carceraciones
2008 3455 2112 3500 RE,
2141 3454 2211 3494 but
2238 3453 2284 3513 in
2313 3454 2350 3493 is
2408 3502 2409 3506 Ἰ
2475 3471 2477 3474 ⁴

351 3524 447 3562 add.
479 3524 526 3575 by
556 3521 623 3563 13²
651 3524 694 3562 in
723 3537 827 3563 mar.
