2528 4074
49 1627 57 1629 ⁴
133 1661 191 1667 -
223 1651 354 1679 suum
383 1638 540 1679 fratres
570 1650 644 1679 ma

895 383 1111 425 GENER
1121 383 1207 423 AL
1237 381 1458 422 INDEX.

139 528 292 570 Status
322 527 545 569 seculares
576 526 664 569 duo
694 531 798 569 sunt
827 527 926 569 514.

141 610 197 617 —
213 586 497 641 prerogativa
504 585 715 627 secularis
722 585 1018 640 perfectorum
1027 586 1126 628 515.

141 668 196 674 -
227 644 446 699 perfeccio
476 644 703 699 religionis
731 643 905 698 private
937 643 1035 685 514.

142 727 195 732 —
227 702 635 758 supererogacionis
663 702 761 743 514.

142 785 194 791 —
233 761 481 802 claustralis
517 759 653 801 habet
695 759 837 801 multa
879 759 1128 814 promotiva

200 819 258 861 ad
287 820 453 861 bonum
483 822 529 860 et
557 818 799 860 retractiva
829 830 857 859 a
876 818 994 859 malo
1026 818 1125 860 502.

138 901 195 908 —
224 877 423 919 novellos
443 875 609 918 Cristus
632 890 724 918 non
743 877 1007 932 approbavit
1027 877 1126 918 709.

140 960 194 966 —
225 934 480 976 individuus
499 935 740 977 sacerdotis
760 949 852 977 non
871 935 971 990 plus
992 947 1127 990 quam

196 998 337 1035 status
366 993 590 1049 generalis
618 994 824 1050 religiose
858 994 1127 1049 approbatus

197 1057 265 1094 est
294 1052 402 1094 710..

134 1134 195 1140 —
226 1123 254 1152 a
285 1110 369 1152 deo
398 1110 591 1152 instituti
622 1110 818 1153 officium
836 1109 1029 1152 fideliter
1059 1115 1127 1152 est

195 1169 502 1224 peragendum
532 1170 632 1212 259.

140 1251 194 1256 —
241 1227 507 1282 apostolicus
556 1227 800 1283 perfeccior
838 1240 975 1283 quam
1014 1227 1126 1283 epis-

195 1300 406 1341 coporum
436 1299 717 1328 cesareorum
747 1287 847 1329 315.

135 1357 221 1386 nec
252 1368 307 1374 —
338 1358 424 1386 nec
451 1357 643 1400 persona
671 1349 820 1401 potest
848 1357 946 1395 esse
966 1349 1127 1387 neutra

198 1403 340 1445 Cristo
373 1405 471 1446 303.
1058 1432 1060 1434 v

106 1469 109 1471 ’
139 1462 262 1503 —tui
291 1474 471 1504 cesareo
491 1475 710 1518 paparum
737 1461 1001 1504 renunciare
1026 1462 1125 1504 628.

139 1526 293 1562 —tum
337 1520 616 1563 dominorum
653 1520 921 1563 secularium
961 1519 1127 1563 Gristus

195 1579 475 1634 expressavit
505 1581 604 1622 709.

645 1637 860 1694 gnificant
887 1637 988 1680 473.

140 1719 194 1725 —
227 1696 519 1751 apostolicum
549 1696 716 1738 Cristus
745 1695 937 1738 instituit
965 1697 1065 1738 466.

135 1754 193 1796 ad
226 1778 280 1784 ——
312 1755 604 1810 apostolicum
634 1755 825 1810 ecclesia
850 1754 965 1798 redit
994 1755 1094 1797 466.

134 1818 321 1855 —tuum
349 1814 653 1868 perfecciones
684 1815 761 1868 983
792 1814 892 1856 451.

135 1873 191 1914 de
222 1872 398 1913 —tibus
427 1872 568 1914 tribus
597 1873 716 1914 racio
748 1872 952 1915 ordinum
982 1873 1052 1915 61.

135 1931 316 2030 ὃιεὲιιιτε,
347 1935 393 1972 et
423 1931 587 1987 scripta
614 1931 798 1988 papalia
817 1931 1057 1974 creduntur
1075 1935 1127 1972 ut

225 1989 303 2031 des
336 1990 434 2031 597.

122 2048 279 2101 'Stella
308 2052 484 2090 cometa
514 2049 590 2102 733
625 2049 693 2091 74.

130 2106 366 2161 Stipendia
394 2107 536 2149 multa
564 2107 703 2150 frater
731 2106 946 2163 perquirit
975 2108 1073 2150 252.

134 2164 327 2207 Stolidos
359 2165 587 2221 decipiunt
617 2169 738 2208 secte
769 2166 867 2208 347.

135 2247 190 2253 -—
221 2224 394 2266 seducit
423 2224 710 2269 mendacium
739 2224 943 2267 ordinum
974 2225 1072 2268 348.

134 2282 399 2324 —dissimus
427 2283 582 2337 ydiota
615 2284 711 2326 140.

133 2340 444 2397 Strangulacio
476 2346 523 2384 et
551 2342 761 2399 spoliacio
788 2342 1025 2384 mulierum
1043 2355 1124 2398 per

193 2399 352 2442 fratres
384 2402 453 2443 69.

132 2457 340 2500 Studium
369 2462 591 2501 attentum
620 2459 807 2502 fratrum
835 2460 906 2502 44.

133 2516 339 2559 Stalticia
358 2522 425 2559 est
443 2518 610 2560 intrare
624 2518 700 2574 vel
715 2518 957 2560 defendere
979 2524 1123 2561 sectas

135 2658 188 2664 —
221 2634 342 2689 apud
386 2633 521 2676 deum
564 2639 611 2677 et
654 2635 882 2691 sapiencia
918 2635 1123 2677 fundato-

191 2707 290 2734 rum
321 2693 391 2735 97.

135 2775 189 2780 -
223 2756 291 2793 est
320 2750 549 2793 sollicitari
578 2750 635 2793 de
654 2751 752 2793 loco
774 2752 1024 2807 quantitate
1045 2757 1123 2795 aut

192 2810 409 2864 qualitate
438 2809 684 2865 purgatorii
716 2811 813 2853 148.

135 2892 188 2897 -
223 2869 449 2910 fautorum
474 2868 683 2910 'ordinum
714 2870 783 2911 96.

133 2950 190 2956 —
222 2926 351 2969 Cristi
379 2927 427 2968 in
457 2927 741 2969 ordinacione
774 2929 871 2970 139.

134 3009 187 3015 —
227 2990 450 3028 sectarum
495 2985 692 3028 excludit
734 2986 1031 3029 voluntariam
1077 2992 1122 3039 et

193 3044 463 3087 meritoriam
492 3049 806 3100 paupertatem
835 3046 906 3088 43.

134 3126 188 3132 —
221 3116 393 3156 eorum,
426 3103 505 3159 qui
534 3103 746 3145 deserunt
774 3104 1026 3147 libertatem
1057 3119 1120 3147 or-

193 3161 306 3203 dinis
336 3162 441 3204 Iesu
472 3161 604 3204 Cristi
634 3163 734 3204 305.

135 3243 189 3249 -—
219 3220 467 3276 irreligiosa
486 3225 554 3263 est
571 3220 781 3263 recedere
802 3233 830 3262 a
849 3225 971 3264 secta
991 3221 1122 3264 Oristi

135 3359 189 3365 -—
221 3350 438 3379 novorum
467 3336 671 3379 ordinum
701 3339 771 3380 98.

133 3394 191 3436 ad
224 3395 396 3436 —ciam
427 3396 728 3438 excusandam
766 3395 927 3440 ficticie
957 3397 1119 3440 machi-

191 3458 298 3495 nate
328 3467 419 3496 non
447 3454 603 3496 valent
634 3455 734 3497 249.

133 3511 189 3553 de
221 3511 349 3553 —cia
377 3512 684 3555 cristianorum
714 3513 948 3556 innovacio
974 3514 1022 3557 in
1052 3528 1120 3558 ec-

192 3570 328 3614 clesia
357 3570 543 3614 inolevit
573 3573 672 3615 373.

2097 385 2199 433 831

1216 525 1501 568 Stultificavit
1531 525 1641 568 deus
1679 530 1822 567 sectas
1854 538 1910 567 ex
1940 538 2022 567 sua
2053 526 2203 581 gracia

1219 586 1655 684 —3gdncomitancia
1685 642 1921 683 mulierum
1949 643 2017 683 55.

1216 699 1387 742 Stultus
1427 704 1493 741 est
1530 700 1607 755 qui
1646 699 1773 741 dictis
1810 699 2027 741 anticristi
2065 700 2205 742 credit

1216 821 1371 857 —tum
1395 821 1462 858 est
1482 815 1704 858 confidere
1724 816 1772 857 in
1791 815 1979 871 proximi
1999 815 2203 857 oracione

1216 938 1421 975 —torum
1450 945 1661 975 numerus
1692 937 1759 974 est
1787 931 1987 974 infinitus
2018 933 2117 975 605.

1215 992 1427 1035 Subditus
1457 992 1715 1047 scrupulum
1754 991 2031 1033 consciencie
2069 991 2205 1033 habet

1215 1110 1354 1151 —diti
1382 1114 1604 1162 sectarum
1633 1108 1781 1150 stolidi
1811 1109 1909 1151 302.

1217 1193 1271 1198 —
1303 1168 1432 1209 multi
1461 1168 1691 1224 langwent
1720 1169 1819 1220 476,

1215 1227 1387 1268 —ditos
1419 1227 1606 1269 ecclesie
1636 1226 1845 1282 regulare
1878 1227 1974 1268 145.

1215 1286 1271 1327 de
1310 1285 1469 1327 —ditis
1509 1285 1816 1327 mendicantes
1862 1284 2022 1326 callide
2067 1297 2203 1340 nego-

1273 1344 1448 1386 ciantur
1478 1345 1548 1386 33.

1215 1402 1271 1444 de
1304 1426 1359 1432 —
1390 1402 1502 1444 false
1532 1402 1762 1458 negociari
1793 1402 1862 1444 32.

1215 1461 1412 1503 Subdola
1432 1474 1514 1502 sua
1529 1461 1826 1502 instrumenta
1846 1460 2055 1502 sathanas
2077 1465 2205 1501 ornat

1272 1533 1354 1575 per
1383 1520 1619 1561 mendacia
1650 1524 1728 1561 aut
1759 1519 1996 1574 ypocrisim
2029 1521 2126 1561 393.

1216 1579 1447 1621 Subieccio
1493 1579 1799 1634 religiosorum
1843 1578 1925 1620 sub
1980 1577 2203 1633 preposito

1215 1720 1271 1726 —-
1303 1696 1445 1738 invita
1474 1695 1702 1737 hominum
1732 1709 1822 1737 non
1851 1694 2015 1736 sufficit
2047 1696 2142 1738 105.

1219 1779 1270 1784 -
1303 1755 1519 1797 naturalis
1549 1755 1666 1796 inter
1684 1758 1858 1810 patrem
1879 1758 1924 1795 et
1943 1753 2082 1795 filiam
2104 1754 2202 1796 167.

1217 1837 1272 1843 ——
1302 1814 1445 1855 invita
1475 1813 1712 1868 vespilioni
1742 1813 1953 1868 competit
1986 1813 2082 1855 105.

1215 1872 1476 1914 Subiectare
1507 1872 1684 1914 ordines
1717 1876 1784 1914 est
1803 1872 1850 1913 in
1870 1871 2086 1913 nichilum
2107 1885 2203 1927 per-

1273 1931 1388 1973 verti
1420 1933 1517 1973 333.

1214 1991 1310 2032 sine
1342 1990 1552 2031 Subiecto
1583 1989 1741 2044 religio
1773 1988 1980 2030 accidens
2012 1990 2110 2031 333.

1215 2048 1509 2091 Subintarunt
1527 2049 1687 2090 fratres
1709 2061 1766 2090 ex
1787 2047 1917 2089 eristi
1937 2048 2202 2090 auctoritate

1273 2108 1368 2149 sine
1399 2108 1589 2150 licencia
1620 2108 1719 2149 393.

1214 2166 1484 2208 Sublimacio
1514 2167 1563 2207 in
1593 2166 1759 2208 celeste
1792 2178 1950 2221 corpus
1982 2167 2050 2207 74.

1214 2226 1470 2267 Subsidium
1499 2224 1748 2280 temporale
1780 2225 1837 2266 ab
1860 2225 2085 2266 ordinibus
2106 2225 2201 2266 auf-

1272 2284 1387 2326 ferre
1420 2285 1519 2326 364.

1213 2343 1479 2385 Substancia
1508 2342 1666 2399 regule
1696 2342 1870 2398 private
1900 2355 1992 2384 non
2012 2341 2200 2383 fundata

1211 2483 1267 2490 —
1301 2465 1451 2502 creata
1480 2459 1636 2515 implet
1666 2459 1908 2514 analogum
1939 2459 2053 2501 entis
2085 2460 2154 2501 25.

1212 2543 1267 2549 -—
1305 2523 1484 2561 terrena
1522 2532 1613 2560 non
1659 2518 1899 2560 destruitur
1937 2518 1984 2559 in
2029 2518 2201 2560 confec-

1270 2578 1398 2620 cione
1429 2577 1695 2620 eucharistie
1726 2578 1824 2620 621.

1212 2637 1337 2678 —cie
1368 2637 1546 2692 gemine
1578 2636 1704 2691 gigas
1737 2635 1903 2677 Cristus
1935 2640 2002 2677 est
2034 2634 2143 2692 1635

1211 2695 1579 2737 Substancialiter
1609 2694 1697 2736 due
1717 2707 1905 2750 persone
1928 2699 2198 2737 connectun-

1270 2758 1342 2795 tur
1375 2755 1472 2796 162.

1211 2812 1472 2854 Subtiliacio
1502 2811 1702 2854 fidelium
1733 2811 1914 2866 dyaboli
1944 2813 2013 2854 97.

1211 2871 1450 2913 Subtiliare
1487 2884 1579 2913 non
1617 2870 1786 2912 audent
1821 2870 1990 2912 Paulus
2021 2874 2066 2912 et
2095 2882 2199 2926 apo-

1273 2930 1375 2972 stoli
1406 2931 1475 2973 97.

1210 2988 1392 3030 Subtilis
1422 2987 1697 3030 mendicacio
1728 2992 1949 3028 sectarum
1980 2988 2049 3029 44.

1210 3048 1379 3088 —lium
1409 3047 1672 3089 clericorum
1704 3044 1816 3087 fides
1847 3047 1946 3087 381.

1210 3106 1354 3162 magis
1376 3106 1519 3147 —iter
1541 3104 1711 3146 Gristus
1743 3105 2017 3160 exemplavit
2044 3104 2198 3161 aliqua

1270 3164 1460 3207 ecclesie
1490 3163 1623 3206 utilia
1654 3163 1753 3205 267.

1210 3222 1442 3265 Subtilitas
1470 3222 1684 3278 ypocrisis
1716 3226 1937 3264 sectarum
1966 3223 2037 3264 44.

1210 3285 1407 3323 —tatem
1451 3281 1622 3337 ingenii
1657 3281 1706 3322 in
1741 3282 1939 3336 personis
1976 3286 2197 3324 sectarum

1267 3339 1502 3382 laudamus
1535 3341 1632 3382 180.

1211 3403 1384 3441 -tates
1416 3398 1596 3453 dyaboli
1625 3399 1724 3441 599.

1209 3457 1528 3500 Subtraccione
1545 3457 1818 3499 decimarum
1835 3456 1984 3499 deficit
2000 3456 2195 3500 officium

1267 3517 1455 3571 pastoris
1487 3517 1585 3558 133.

1210 3573 1479 3618 Subtrahere
1511 3575 1711 3617 edulium
1745 3576 1839 3617 134.
