2528 4074
306 390 408 437 838

304 527 502 568 Vicarius
523 526 650 568 Cristi
677 527 722 566 in
742 526 865 567 terris
885 526 1039 566 Petrus
1059 539 1148 566 non
1171 525 1261 565 fue-

361 589 428 625 rat
454 586 550 626 665.

306 666 358 671 —
389 641 588 695 specialis
619 640 745 682 Cristi
772 653 888 694 papa
920 641 1014 681 171.

307 722 359 728 —
389 699 598 740 anticristi
626 698 845 752 perfectus
874 697 1073 738 fidelibus
1110 697 1203 737 133.

305 781 357 785 —
380 756 587 797 anticristi
607 757 686 797 scit
704 769 830 796 suum
850 755 1058 809 populum
1078 754 1263 808 spoliare

361 813 415 854 de
443 814 754 867 temporalibus
785 814 879 853 133.

305 895 357 900 ——
378 871 580 911 inhabilis
607 870 662 911 ad
682 883 728 910 se
748 870 889 923 ipsum
907 869 1149 923 regendum
1168 870 1262 910 133.

305 951 356 957 --
389 928 564 981 dyaboli
592 929 639 967 in
667 932 783 967 terra
804 931 871 967 est
899 927 1144 966 anticristus
1166 928 1261 966 699.

305 986 411 1025 —rii
433 985 557 1026 Cristi
585 985 749 1025 habent
777 984 940 1024 nudam
959 984 1166 1024 virtutem
1191 984 1263 1023 ab-

360 1042 625 1082 solucionem
655 1040 960 1096 promulgandi
990 1042 1086 1081 625.

304 1121 356 1128 -——
395 1100 488 1140 veri
523 1099 643 1140 Petri
686 1098 928 1139 mundanos
967 1097 1150 1138 honores
1190 1097 1263 1138 de-

359 1169 502 1197 serere
533 1156 694 1197 debent
723 1157 819 1197 558.

304 1237 356 1242 ——
389 1214 563 1254 deitatis
591 1226 720 1268 reges
751 1214 846 1254 172.

303 1271 442 1311 —rios
473 1270 600 1311 Cristi
628 1270 754 1311 multi
782 1283 828 1311 se
857 1269 1084 1310 nominant
1116 1270 1210 1310 166.

301 1329 427 1369 Vicia
454 1332 670 1369 sectarum
699 1328 906 1382 detegere
938 1328 1004 1368 14.

301 1390 451 1426 contra
481 1409 534 1415 —
563 1390 779 1427 sectarum
806 1385 928 1439 loqui
959 1385 1024 1426 13.

300 1443 541 1484 Viduarum
571 1444 720 1484 domos
749 1447 866 1484 secte
895 1446 1128 1496 penetrant
1156 1443 1224 1482 44.

303 1500 467 1541 —duas
512 1505 556 1542 et
597 1501 785 1555 pupillos
828 1500 982 1540 fratres
1024 1513 1112 1540 non
1156 1499 1264 1540 rele-

358 1563 464 1599 vant
493 1560 560 1600 46.

300 1628 379 1668 per
397 1616 689 1670 Vigilanciam
717 1615 764 1655 in
792 1619 920 1655 nocte
950 1614 1088 1655 sancti
1108 1614 1263 1655 Iohan-

358 1673 424 1713 nis
454 1673 593 1728 wlgus
622 1672 911 1726 indisponitur
941 1673 1038 1713 335.

300 1730 535 1771 Vinculum
563 1731 747 1771 tercium
776 1730 966 1770 caritatis
986 1729 1264 1770 fortissimum

301 1866 354 1874 -
386 1845 715 1899 supernaturale
746 1845 841 1887 162.

301 1925 356 1932 —
386 1903 586 1944 naturale
619 1904 714 1944 162.

302 1984 355 1988 ——
385 1960 616 2015 coniugale
648 1961 743 2001 162.

302 2041 354 2047 —-
386 2019 542 2059 amoris
572 2018 676 2059 satis
704 2018 815 2058 forte
847 2018 942 2059 162.

300 2098 355 2105 -
385 2075 575 2117 caritatis
602 2075 718 2116 inter
742 2075 919 2116 fidelem
948 2078 993 2116 et
1019 2074 1263 2129 proximum

301 2213 355 2220 —
385 2191 549 2232 infame
579 2190 741 2244 duplex
773 2190 867 2231 173.

302 2272 355 2278 -—
386 2248 783 2303 consangwinitatis
819 2248 933 2289 inter
961 2251 1189 2302 parentem
1219 2251 1264 2289 et

355 2306 522 2360 prolem
553 2307 648 2348 161.
1031 2335 1035 2338 -

301 2387 356 2393 —
386 2363 609 2405 affinitatis
636 2364 751 2404 inter
777 2363 921 2405 virum
960 2367 1004 2404 et
1033 2363 1263 2418 coniugem

304 2479 402 2519 —la
431 2479 588 2520 amoris
617 2478 701 2519 tria
728 2482 831 2519 sunt
862 2478 956 2520 161.

302 2536 356 2577 de
388 2536 496 2577 ——lis
523 2537 659 2577 tribus
680 2536 818 2577 multe
838 2536 1060 2577 sentencie
1079 2540 1182 2577 sunt
1202 2536 1263 2576 di-

359 2594 497 2635 cende
525 2595 621 2635 162.

300 2665 390 2692 non
396 2651 648 2693 Vindicavit
661 2665 707 2692 se
716 2650 878 2692 Gristus
894 2650 948 2692 de
955 2650 1149 2692 hostibus
1164 2650 1262 2693 465.

301 2709 506 2750 Vindicta
534 2709 636 2750 solis
662 2708 834 2749 iusticie
866 2709 932 2749 71.

303 2767 519 2808 -dictam
559 2779 587 2807 a
619 2766 780 2820 populo
817 2765 1063 2806 sacerdotes
1103 2765 1265 2807 debent

360 2824 558 2878 eclipsari
589 2825 656 2865 71.

301 2882 357 2923 ad
388 2905 442 2911 —-
473 2882 627 2922 fratres
654 2880 865 2935 populum
892 2885 1129 2934 preparant
1158 2881 1225 2922 71.

301 2940 446 2980 Vinea
475 2939 547 2980 dei
573 2939 798 2980 fructifera
827 2942 893 2979 est
921 2938 1106 2979 ecclesia
1135 2939 1232 2979 241.

300 2997 463 3039 Vinum
491 2997 583 3038 sive
611 2996 867 3038 cerevisiam
895 3009 985 3037 non
1009 2995 1119 3037 bibit
1146 2999 1266 3037 secta

357 3054 623 3095 Machometi
652 3056 719 3095 30.

302 3113 380 3154 Vir
405 3112 548 3167 legius
576 3111 732 3153 citatus
761 3125 867 3152 num
894 3114 1099 3152 teneatur
1117 3124 1263 3152 coram

358 3182 715 3224 papa-apparere
751 3170 847 3210 546.

306 3251 357 3257 —
387 3226 527 3268 fidelis
555 3227 697 3282 legius
715 3240 804 3268 non
823 3225 999 3267 obedire
1020 3226 1152 3268 debet
1169 3238 1264 3280 pre-

272 3294 283 3297 ·
358 3285 458 3326 latis
488 3285 586 3326 548.

302 3343 428 3383 Vires
475 3342 620 3382 anime
663 3341 947 3382 debilitantur
990 3354 1045 3382 ex
1088 3353 1266 3395 corpore

360 3403 559 3453 corrupto
593 3399 687 3440 123.

304 3480 357 3486 —
389 3457 533 3500 anime
562 3457 677 3497 circa
706 3460 927 3498 creaturas
957 3456 1266 3511 disperguntur

1027 382 1324 422 GENERAL
1355 382 1569 422 INDEX.

1349 525 1394 565 in
1423 525 1597 566 Viribus
1627 525 1784 565 mentis
1813 524 1954 565 sancti
1973 523 2191 565 fortificati
2209 529 2311 566 sunt

1348 638 1483 693 Virgo
1520 640 1651 680 beata
1687 643 1731 680 et
1764 639 1903 679 sancti
1931 637 2148 679 excedunt
2174 638 2310 680 bonos

1407 697 1586 751 angelos
1617 698 1712 738 363.

1352 754 1532 808 —gines
1562 754 1827 795 confessores
1856 753 2054 793 martires
2085 753 2170 794 79.'

1350 812 1498 852 Virtus
1512 824 1601 851 non
1621 815 1687 851 est
1704 811 1751 851 in
1770 810 1904 865 signis
1924 809 2198 851 sensibilibus
2213 810 2310 852 365.

1351 892 1403 898 ——
1435 868 1558 909 finita
1588 872 1633 908 et
1660 868 1784 908 unita
1813 872 1880 909 est
1907 867 2062 908 forcior
2088 879 2221 921 quam
2250 867 2311 908 di-

1407 937 1556 978 spersa
1585 926 1653 966 23.

1350 1006 1404 1012 -
1435 982 1621 1022 maxime
1651 981 1870 1022 meritoria
1898 982 2155 1024 obediencia
2186 983 2281 1024 140.

1350 1039 1510 1080 ——tutis
1538 1039 1752 1092 premium
1782 1043 1848 1079 est
1874 1038 2013 1080 honor
2043 1041 2138 1082 181.

1351 1101 1546 1137 —tutem
1565 1108 1740 1137 servare
1760 1095 1969 1137 debemus
1988 1096 2035 1137 in
2050 1097 2196 1138 anima
2211 1099 2309 1138 365.

1350 1177 1403 1184 —
1442 1153 1820 1208 supernaturalem
1859 1166 2024 1207 ponere
2065 1154 2113 1195 in
2159 1154 2314 1196 habiti-

1406 1213 1487 1252 bus
1521 1212 1589 1253 28.

1350 1273 1522 1310 —tutes
1558 1273 1603 1309 et
1631 1267 1838 1309 meritorii
1864 1268 2036 1310 labores
2065 1268 2120 1310 de
2149 1269 2312 1311 stolidis

1405 1327 1646 1381 spoliantur
1681 1326 1775 1366 149.

1353 1407 1405 1414 —-
1435 1384 1676 1425 cardinales
1706 1383 1958 1424 abscondite
1988 1384 2056 1425 50.

1351 1465 1405 1471 ——
1450 1446 1494 1482 et
1542 1441 1651 1482 fides
1695 1441 1839 1481 anime
1882 1444 1984 1482 sunt
2033 1441 2314 1495 preciosiores

1407 1512 1540 1554 quam
1569 1511 1724 1540 aurum
1755 1498 1849 1539 170.

1351 1580 1403 1586 -
1426 1556 1611 1597 morales
1638 1556 1858 1597 ordinibus
1877 1555 2078 1597 meliores
2096 1560 2198 1598 sunt
2216 1557 2313 1598 228.

1351 1637 1405 1644 -
1436 1613 1679 1655 cardinales
1708 1614 1806 1655 217.

1344 1672 1409 1712 'ad
1443 1694 1499 1701 --
1535 1671 1680 1712 anime
1718 1675 1764 1712 et
1798 1683 1932 1724 opera
1967 1671 2158 1712 caritatis
2193 1675 2315 1713 secta
2352 1709 2355 1711 .

1409 1729 1536 1770 Cristi
1564 1729 1731 1783 obligat
1759 1729 1855 1770 304.

1350 1792 1550 1828 —tutum
1584 1786 1928 1841 theologicarum
1963 1785 2187 1827 distinccio
2217 1787 2312 1828 365.
2385 1834 2387 1838 .

1351 1867 1405 1874 ——
1435 1858 1513 1885 sex
1543 1857 1707 1898 genera
1735 1848 1838 1885 sunt
1859 1848 2080 1886 armatura
2099 1843 2314 1885 exercitus

1408 1902 1479 1943 dei
1515 1902 1611 1943 323.

1352 1984 1404 1989 —-
1436 1959 1569 2000 statui
1597 1959 1723 2013 signa
1751 1958 1975 2002 sensibilia
2002 1962 2104 2000 sunt
2122 1959 2312 2014 imperti-

1406 2017 1566 2058 nencia
1592 2017 1691 2058 467.

1351 2098 1405 2105 —-
1435 2075 1768 2115 fundamentum
1796 2073 1905 2115 fides
1934 2075 2031 2115 463.

1348 2147 1425 2187 pro
1457 2132 1678 2173 —tutibus
1706 2132 1941 2173 moralibus
1965 2131 2094 2173 homo
2113 2132 2222 2173 mori
2241 2131 2315 2174 de-

1405 2191 1482 2232 bet
1510 2191 1608 2232 228.

1348 2248 1538 2289 Visitare
1565 2246 1782 2301 proximos
1807 2246 1962 2287 fratres
1981 2246 2225 2301 impediunt
2243 2247 2312 2289 47.

1348 2306 1453 2347 Vita
1479 2305 1666 2346 hominis
1693 2304 1808 2345 iusta
1837 2304 1935 2345 344.

1350 2387 1403 2393 -
1434 2362 1609 2404 coraule
1638 2361 1785 2412 nostri,
1806 2360 1946 2413 Cristi,
1975 2361 2188 2404 imitanda
2215 2364 2313 2404 627.

1350 2444 1404 2450 -—
1436 2425 1480 2462 et
1507 2419 1663 2475 regula
1682 2418 1809 2460 Cristi
1835 2418 2048 2460 cristianis
2067 2419 2200 2461 debet
2218 2432 2314 2462 esse

1405 2478 1554 2519 nocior
1582 2490 1714 2532 quam
1741 2476 1914 2530 patroni
1941 2481 2159 2518 sectarum
2187 2478 2283 2519 302.

1351 2559 1405 2565 -—-
1437 2540 1482 2576 et
1510 2548 1643 2589 opera
1670 2534 1891 2575 meritoria
1917 2533 2034 2575 bene
2062 2538 2188 2576 orant
2216 2535 2312 2576 342.

1350 2618 1403 2623 —
1435 2598 1528 2634 tota
1555 2592 1711 2647 prelati
1739 2591 2017 2633 mendacium
2047 2597 2114 2634 est
2143 2594 2241 2635 350.

1351 2673 1405 2681 -—
1435 2650 1654 2692 meritoria
1673 2649 1746 2691 vel
1772 2649 1992 2703 culpanda
2010 2649 2195 2692 hominis
2215 2651 2313 2692 300.

1352 2732 1405 2738 -—
1437 2708 1563 2749 Cristi
1590 2708 1637 2748 in
1666 2707 1859 2748 cruciata
1885 2706 2034 2761 papali
2061 2721 2151 2749 non
2169 2720 2314 2749 exem-

1406 2766 1528 2820 plata
1557 2766 1655 2807 615.

1351 2847 1404 2853 ——
1438 2823 1565 2864 Cristi
1592 2822 1746 2863 melior
1774 2835 1907 2876 quam
1935 2835 2050 2876 pape
2080 2822 2176 2864 613.

1351 2904 1406 2911 -
1432 2881 1717 2935 superstitum
1746 2880 1878 2921 debet
1904 2879 2087 2921 tendere
2115 2879 2173 2921 ad
2201 2893 2314 2922 com-

1407 2938 1584 2980 modum
1614 2937 1798 2979 ecclesie
1830 2938 1926 2978 149.

1351 3019 1404 3025 —-
1434 3009 1602 3050 pauper
1630 3000 1676 3036 et
1702 3007 1834 3049 parca
1863 2994 2156 3049 apostolorum
2187 2995 2282 3036 134.

1350 3078 1404 3083 -
1434 3054 1697 3108 voluptuosa
1723 3053 1822 3107 plus
1841 3065 1974 3106 quam
1994 3051 2102 3094 deus
2121 3051 2316 3107 diligitur

1408 3125 1435 3152 a
1464 3112 1592 3153 sectis
1622 3111 1691 3151 43.

1351 3192 1404 3199 —
1435 3170 1698 3223 voluptuosa
1725 3171 1942 3209 sectarum
1972 3167 2040 3209 70.

1349 3250 1405 3257 —
1434 3227 1592 3268 vivunt
1617 3229 1768 3267 sancte
1796 3224 1968 3266 ordines
1996 3226 2066 3267 98.

1353 3308 1406 3313 —
1435 3297 1604 3338 pauper
1631 3283 1886 3324 clericorum
1915 3283 1983 3325 95.

1352 3366 1405 3371 —
1435 3354 1642 3395 perversa
1669 3340 1915 3381 dotatorum
1944 3341 2042 3382 249.

1352 3423 1406 3428 —
1436 3400 1608 3452 privata
1636 3398 1843 3439 secularis
1871 3396 2055 3438 includit
2083 3397 2314 3438 observan-

1409 3457 1519 3497 ciam
1548 3456 1702 3510 regule
1730 3455 1921 3496 humane
1950 3456 2048 3496 493.

1353 3513 1408 3554 de
1440 3536 1490 3542 —
1525 3514 1652 3555 Cristi
1680 3512 1909 3554 mendacia
1940 3512 2035 3554 127.

2440 710 2458 829 z

2434 2090 2445 2098 Δ
2443 1983 2446 1986 .

2466 2228 2472 2235 .
2463 2138 2470 2169 r*
2458 2100 2470 2118 .-
2445 1860 2473 2056 -’,,).,ἑῡ.”ἰ--ρ.·

2440 869 2465 981 *rab-³7
2445 839 2453 862 ’-

2441 972 2467 1162 &Off-22

2438 1231 2475 1850 m5‘ssr2‘2‘w'*
2448 1211 2450 1214 ’
