2528 4074
150 325 243 364 cap.
274 305 388 363 ΠΙ]
735 301 828 341 DE
855 295 1221 338 RELIGIONE
1247 293 1437 333 PRIVA
1446 291 1521 331 TA
1556 290 1624 329 II.
2078 289 2182 337 533

294 456 366 505 Et
416 457 662 521 quantum
700 447 769 498 ad
806 446 919 505 hoc,
976 442 1113 510 quod
1152 439 1344 499 asserit,
1387 435 1611 487 Cristum
1660 441 1712 485 et
1750 450 1866 484 suos
1907 431 2186 497 discipulos

150 543 407 612 apostolos
458 539 612 590 fuisse
664 535 728 585 de
780 532 1027 597 religione
1079 523 1351 596 privata,3⁰
1405 530 1565 591 patet,
1623 522 1760 590 quod
1807 526 1978 587 potest
2016 519 2185 569 dicere

150 623 500 698 religionem³1
553 620 1041 678 communissimam,
1098 615 1264 684 qualis
1318 612 1473 664 debet
1526 628 1634 661 esse
1690 609 1934 660 cristiana
1986 607 2183 672 religio,

151 720 282 770 sicut
316 713 539 780 religiosi
572 709 651 761 illi
688 708 881 768 dicunt,
923 721 1102 757 carnes
1141 709 1308 754 certas
1345 718 1449 751 non
1475 717 1583 751 esse
1611 714 1807 758 carneS,
1848 695 2186 747 venacionem

106 817 133 855 5
150 807 256 858 sine
310 802 457 870 gravi
506 797 731 851 tumultu
776 813 881 845 non
919 811 1027 845 esse
1064 791 1401 844 venacionem
1441 795 1532 839 aut
1569 786 1922 853 cognicionem
1960 782 2187 833 mulieris

148 911 264 944 cum
319 891 432 950 hoc,
487 886 624 955 quod
660 901 766 935 non
802 884 868 934 sit
905 882 973 933 ad
1012 880 1235 946 corporis
1273 877 1677 937 distinccionem,
1733 874 1824 925 sed
1864 873 2032 924 carnis
2071 889 2187 922 con-

148 970 527 1037 solacionem‚3²
577 990 682 1024 non
733 988 842 1022 esse
879 969 1155 1020 luxuriam.
1196 999 1268 1005 —-
1307 965 1567 1016 Cristiana
1605 970 1777 1014 autem
1816 961 2012 1027 religiO,
2069 978 2187 1010 cum

148 1067 302 1120 debet
339 1060 704 1116 communicari
742 1058 939 1110 cunctis
965 1056 1119 1107 Gristi
1144 1054 1397 1115 fidelibus,
1436 1052 1591 1103 debet
1617 1069 1725 1102 6886
1753 1049 2185 1108 communissima,

145 1156 266 1206 licet
301 1170 368 1204 ex
403 1150 699 1201 introducta
736 1146 942 1198 cautela
979 1144 1158 1210 refuge
1205 1160 1343 1193 nunc
1384 1142 1449 1192 sit
1486 1158 1619 1191 rara.
1696 1139 1769 1189 Et
1807 1138 2187 1206 quomodocun-

78 1258 131 1294 ιυ
146 1259 243 1310 que
281 1245 514 1308 apostate
551 1236 682 1287 tales
721 1234 946 1286 dixerint
983 1232 1283 1298 religionem
1312 1229 1466 1280 Cristi
1505 1236 1557 1279 et
1582 1245 1789 1279 suorum
1817 1226 2184 1294 apostolorum,

145 1347 299 1399 quam
335 1328 514 1378 dicunt
550 1342 659 1376 6886
697 1323 969 1391 privatam,
1009 1320 1215 1392 ipsimet
1251 1336 1355 1369 non
1393 1317 1686 1368 observant.

291 1430 557 1494 Quantum
595 1427 663 1478 ad
698 1422 886 1476 illud33
922 1418 1201 1484 ultimum!
1235 1440 1334 1490 quo
1372 1421 1644 1487 religiones
1682 1419 1915 1486 privatas
1947 1435 2051 1467 non
2093 1418 2187 1467 dif-

143 1521 275 1571 ferre
331 1535 364 1568 a
415 1534 468 1568 86
521 1513 866 1567 essencialiter
918 1519 968 1562 et
1020 1511 1272 1578 specifice,
1328 1510 1419 1561 sed
1471 1507 1862 1559 accidentaliter
1872 1503 1920 1533 34
1966 1513 2184 1567 tantum,

74 1655 88 1661 ,
145 1607 336 1675 placet,
376 1604 514 1673 quod
551 1603 675 1654 dicit
711 1600 1009 1667 religionem
1048 1599 1538 1666 possessionatorum
1577 1614 1677 1646 non
1720 1596 1923 1646 differre
1951 1595 2188 1661 specifice

79 1705 183 1746 158,
218 1694 464 1759 religione
500 1689 927 1749 mendicancium,
983 1688 1116 1738 sicut
1151 1705 1246 1737 nec
1285 1686 1585 1751 religionem
1627 1684 1953 1735 sacerdotum
1992 1682 2187 1733 secula-

147 1782 279 1832 rium
318 1780 521 1831 differre
559 1777 904 1830 essencialiter
952 1775 1018 1826 ab
1059 1775 1221 1825 altero
1261 1774 1554 1825 eorundem.
1632 1772 1719 1822 Ex
1758 1790 1858 1839 quo
1898 1789 2015 1822 cum
2053 1771 2188 1822 veris

145 1869 387 1936 sequitur,
427 1867 565 1935 quod
601 1872 770 1917 stante
807 1882 983 1915 eorum
1022 1863 1267 1929 religione
1289 1862 1460 1930 quoad
1499 1862 1670 1911 omnia
1697 1860 1999 1912 essencialia
2025 1855 2187 1921 sua‚3⁵

146 1964 252 2007 tam
292 1954 446 2006 Cristi
497 1952 856 2021 possessionati
908 1969 1062 2019 quam
1115 1952 1213 2018 ipsi
1264 1952 1450 2002 fratres
1504 1957 1720 2017 possunt
1758 1957 1809 2000 et
1848 1948 2040 2000 debent
2078 1966 2187 1999 esse

145 2043 211 2094 de
263 2042 507 2108 religione
560 2040 803 2092 secularis
854 2038 1122 2106 presbiteri
1174 2057 1266 2106 per
1319 2039 1604 2091 coactivam
1654 2038 1948 2105 potenciam
1988 2037 2188 2088 brachii

74 2142 132 2181 20
147 2125 459 2182 secularis.³⁶'
530 2129 668 2180 Nam
718 2145 813 2195 per
850 2127 1043 2178 nudam
1090 2126 1412 2178 ablacionem
1450 2127 1569 2178 talis
1609 2126 1944 2178 accidentalis
1984 2133 2187 2177 servato

144 2218 410 2271 essenciali
447 2235 551 2268 non
589 2215 802 2276 tollitur,
844 2215 934 2265 sed
972 2216 1150 2281 pocius
1189 2215 1455 2266 extollitur
1484 2216 1673 2281 ‘religio
1714 2216 1972 2266 cristiana.
2039 2215 2186 2265 Tunc

144 2307 279 2358 enim
330 2305 462 2356 foret
514 2304 732 2355 ecclesia
770 2302 924 2354 Cristi
962 2303 1279 2354 ordinacioni
1319 2303 1641 2366 conformior,
1698 2311 1804 2354 tam
1843 2303 2024 2369 religio
2064 2302 2189 2354 cleri

142 2393 376 2460 religioni
413 2391 567 2443 Cristi
605 2391 816 2442 similior
862 2398 913 2442 et
958 2391 1143 2442 unitati
1181 2392 1513 2459 propinquior
1552 2399 1603 2443 et
1641 2393 1968 2444 dissensionis
2006 2393 2061 2443 in
2099 2411 2187 2460 po-

143 2481 252 2549 puli
295 2480 706 2532 murmuracione
753 2479 817 2530 de
868 2486 1023 2546 raptu
1076 2497 1284 2530 suorum
1333 2479 1584 2531 bonorum
1629 2481 1764 2532 foret
1809 2482 2044 2533 sedacior
2099 2489 2151 2532 et
2175 2478 2189 2551 Η
2209 2499 2225 2544 ιι
2246 2514 2275 2539 a
2295 2502 2368 2543 soz.
2395 2498 2479 2532 κνοω

71 2581 127 2620 25
140 2586 236 2637 per
272 2585 585 2636 consequens
623 2567 911 2618 dominacio
950 2567 1194 2619 secularis
1232 2567 1431 2620 brachii
1469 2570 1753 2621 secundum
1801 2571 2187 2622 ordinacionem

142 2656 336 2708 domini
371 2655 505 2707 foret
540 2655 718 2706 maior.

496 2869 523 2903 s
549 2888 613 2928 cp.
643 2888 737 2927 cap.
771 2874 864 2914 III
882 2889 930 2927 p.
962 2878 1040 2917 531
1077 2875 1105 2916 l.
1140 2879 1163 2918 9
1185 2875 1236 2931 ff.

255 3076 295 3102 ³⁰
323 3080 368 3120 in
396 3079 442 3119 D
470 3079 509 3119 is
537 3080 637 3120 add.
665 3080 711 3120 in
739 3093 866 3120 mam:
909 3079 1051 3122 Solvit
1075 3072 1412 3136 argumentum
1444 3083 1634 3125 Gristum
1672 3084 1922 3126 dicencium
1962 3085 2098 3126 fuisse
2130 3085 2186 3127 de

140 3152 356 3209 religione
386 3152 560 3207 privata
578 3149 641 3193 D¹
744 3149 782 3174 ⁸¹
811 3152 889 3194 rel.
909 3154 973 3196 Οα
1035 3153 1092 3195 (16
1122 3155 1210 3206 (cr.
1231 3160 1305 3197 out
1324 3154 1363 3209 ᾇ·
1383 3158 1484 3211 up.)
1514 3158 1592 3199 rel.
1611 3158 1656 3198 D
1760 3154 1799 3180 32
1830 3157 2186 3199 consolacionem

145 3227 208 3270 Οα
268 3225 563 3267 consolacioni
586 3226 632 3267 D
771 3221 810 3247 ⁸³
839 3227 884 3267 in
915 3228 950 3267 0
975 3229 1012 3269 is
1042 3229 1142 3270 add.
1175 3230 1219 3270 in
1248 3244 1376 3271 mma:
1409 3231 1638 3282 Quantum
1669 3231 1725 3272 ad
1764 3230 1876 3272 illud
1899 3228 1955 3271 0¹
2075 3228 2114 3253 ³4
2143 3233 2188 3272 in

141 3299 188 3341 D
206 3300 244 3340 is
272 3300 372 3340 add.
404 3300 449 3339 im
477 3314 608 3341 maa-..-
659 3298 799 3342 Solvit
844 3305 1156 3355 argumentum
1187 3302 1435 3345 dicencium
1473 3306 1712 3361 religiones
1742 3305 1938 3360 privatas
1970 3318 1997 3346 a
2027 3318 2074 3346 se
2106 3305 2186 3346 dif-

142 3372 257 3415 ferre
293 3371 435 3414 solum
467 3371 799 3414 accidentaliter
813 3371 876 3414 12¹
1009 3371 1047 3396 ⁸⁶
1078 3388 1161 3416 om.
1203 3389 1284 3419 ess.
1323 3391 1405 3419 sua
1429 3395 1457 3421 α
1540 3393 1578 3420 o.
1611 3393 1644 3419 8.
1677 3392 1714 3420 6.
1733 3380 1817 3419 ΒΟ
1939 3374 1978 3401 3⁶
2007 3380 2052 3420 iaz·
2074 3380 2119 3419 D
2151 3381 2188 3420 is

143 3445 243 3487 add.
272 3446 318 3487 in
345 3459 476 3488 maa-..-
525 3444 655 3498 Quod
685 3446 889 3488 monachi
918 3445 1038 3489 licite
1068 3454 1251 3503 possunt
1281 3451 1380 3509 cogi
1410 3451 1467 3494 ad
1497 3452 1741 3496 tenendum
1771 3452 2034 3513 religionem
2065 3465 2187 3498 seeu-

142 3517 246 3562 laris
273 3518 505 3575 presbiteri
524 3515 588 3560 D¹
