2528 4074
380 342 480 389 766
1099 336 1396 377 GENERAL
1427 337 1642 377 INDEX.

360 479 536 520 Fratres
564 478 726 519 debent
754 478 929 519 obedire
957 479 1171 533 preceptis
1206 492 1320 534 pape
1405 478 1580 520 Fratres
1623 479 1798 520 admissi
1840 479 1895 520 ab
1940 478 2150 533 episcopis
2189 483 2372 533 possunt

420 536 518 577 462.
1463 535 1706 578 ministrare
1736 537 1832 578 512.

363 616 416 623 —
446 592 642 647 precipui
684 594 952 634 sentenciam
994 606 1108 648 pape
1145 594 1212 635 sui
1247 606 1321 648 ap·
1408 615 1463 622 -—
1494 597 1538 634 et
1568 592 1645 634 filii
1673 606 1886 647 paparum
1913 593 1961 633 in
1979 604 2111 647 opere
2135 592 2369 663 proditorio

419 650 603 704 probant
632 654 676 691 et
703 649 959 691 confirmant
987 652 1084 692 462.
1466 650 1736 691 collaborant
1765 652 1862 692 603.
2391 685 2395 687 -
2466 680 2469 699 ,

362 728 417 736 -
447 703 676 748 manifeste
719 707 908 760 produnt
950 708 1110 761 populo
1148 707 1322 749 hereses
1409 729 1464 736 —
1495 711 1645 748 contra
1673 707 1805 748 fidem
1833 720 1955 761 spem
1983 711 2029 748 et
2048 687 2277 757 caritatem
2305 719 2368 748 er·
2408 763 2411 766 y
2452 743 2471 765 Η

420 764 565 819 regnis
595 764 879 806 destructivas
908 766 1005 807 463.
1466 769 1674 805 raverunt
1701 766 1797 806 594.
2400 791 2403 793 -
2450 790 2469 818 3

362 843 418 851 —
448 821 686 875 proditores
736 821 952 863 falsissimi
1001 825 1091 862 tam
1135 822 1322 875 corporis
1411 843 1465 849 —
1497 820 1694 862 domibus
1723 821 1908 862 visitatis
1936 820 2192 863 discordiam
2220 819 2371 862 dicunt
2468 836 2469 844 ¹

420 890 551 933 quam
580 877 714 918 animi
738 879 835 919 462.
1467 878 1563 918 370.

364 958 416 966 —-
450 940 494 976 et
522 939 639 975 secte
677 934 762 974 alie
797 949 887 976 non
923 935 1087 976 audent
1116 935 1321 989 detegere
1413 955 1462 963 -
1494 934 1691 988 precipui
1718 934 1862 976 hostes
1893 935 2077 977 ecclesie
2105 935 2210 988 5743
2242 935 2338 976 593.

419 991 550 1033 fidem
579 1003 703 1032 suam
732 992 829 1034 399.
1411 1013 1464 1020 —
1496 991 1728 1032 abhorrent
1755 992 1872 1046 quod
1898 992 1972 1034 lex
1992 991 2119 1034 Cristi
2142 992 2190 1033 in
2208 991 2371 1047 Anglia

363 1071 418 1079 —-
450 1062 477 1089 a
504 1049 657 1102 planta
691 1048 814 1102 pedis
851 1061 991 1103 usque
1029 1049 1085 1090 ad
1114 1049 1322 1090 verticem
1465 1048 1713 1101 publicetur
1744 1049 1840 1090 255.
2404 1087 2406 1090 ,
2472 1077 2473 1084 1

419 1105 656 1146 mendaciis
685 1107 824 1159 operti
853 1108 949 1148 351.
1014 1124 1016 1127 ·
1412 1130 1464 1136 -
1494 1105 1709 1146 inhabiles
1744 1106 1938 1147 indebite
1963 1106 2216 1148 mendicant
2241 1105 2340 1147 468.
2411 1107 2431 1154 J,
2474 1124 2475 1128 ¹

363 1186 417 1193 —-
450 1163 599 1203 dicunt
621 1161 859 1208 Sathanam
886 1164 933 1204 in
960 1163 1098 1217 primo
1127 1163 1323 1205 millena-
1413 1185 1464 1191 —
1495 1163 1713 1216 propriam
1732 1163 2008 1204 sanctitatem
2026 1163 2189 1206 habere
2216 1163 2372 1206 volunt
2455 1213 2458 1222 Ι

419 1220 482 1260 110
525 1219 664 1274 magis
708 1221 897 1262 solutum
940 1222 1073 1262 fuisse
1111 1234 1243 1275 quam
1277 1221 1323 1261 in
1373 1260 1377 1263 ,
1467 1221 1564 1261 470.

416 1276 609 1323 secundo
639 1277 736 1318 392.
1412 1300 1461 1305 -
1495 1289 1609 1331 pape
1639 1277 1755 1318 bona
1774 1283 1854 1317 sua
1872 1277 2019 1318 omnia
2038 1276 2254 1320 dederunt
2270 1277 2368 1319 255.
2403 1326 2407 1327 ⁷

363 1334 720 1382 ,-—5„occ·asionem
756 1335 862 1376 dant
896 1335 954 1376 ad
987 1335 1124 1377 libere
1143 1335 1325 1377 mendi·
1412 1357 1465 1363 —
1495 1334 1734 1388 proditores
1762 1334 1984 1376 manifesti
2009 1334 2082 1376 dei
2109 1335 2208 1375 218.
2402 1355 2403 1358 =

361 1432 363 1434 ,
419 1391 607 1440 candum
637 1393 734 1433 369.
1410 1391 1467 1431 ad
1499 1415 1551 1421 —-
1572 1404 1660 1446 pax
1681 1391 1753 1432 dei
1770 1404 1996 1446 nunquam
2009 1395 2253 1433 revertetur
2271 1391 2368 1433 370.
2399 1400 2402 1408 ²
2475 1391 2478 1398 '

363 1471 418 1477 —
448 1449 556 1489 alios
585 1448 883 1502 depauperant
913 1451 1008 1491 369.
1410 1449 1528 1502 apud
1558 1471 1612 1479 —
1643 1462 1794 1490 sensus
1825 1449 1989 1490 domini
2006 1453 2073 1490 est
2092 1447 2371 1494 absconditus
2400 1464 2404 1470 ⁸
2460 1472 2463 1474 -

364 1528 417 1534 —
448 1506 586 1559 spolia
615 1505 669 1546 de
698 1507 963 1560 pauperibus
986 1506 1233 1548 mendicata
1260 1507 1324 1547 in-
1466 1507 1563 1547 372.
2400 1532 2403 1534 -

419 1563 565 1603 ferunt
597 1564 694 1604 369.
1409 1569 1559 1604 contra
1589 1585 1642 1593 -—
1671 1567 1901 1616 peccatum
1930 1564 1999 1605 95.
2399 1606 2402 1609 Α

362 1642 416 1649 -
447 1619 660 1673 spoliandi
695 1632 828 1661 causa
862 1620 910 1661 in
939 1620 1135 1662 domibus
1173 1621 1323 1662 immo-
1408 1633 1487 1674 per
1516 1643 1569 1649 —
1602 1620 1814 1673 dyabolus
1843 1619 2048 1662 ecclesias
2067 1619 2270 1675 antiquas
2298 1618 2371 1660 de·
2392 1642 2405 1669 ,κ

419 1681 569 1717 rantur
599 1677 695 1718 370.
1467 1678 1593 1718 struit
1622 1678 1719 1718 254.

362 1757 417 1762 -
436 1748 525 1774 11011
544 1733 838 1793 impediuntur
858 1735 913 1776 ab
929 1735 1323 1818 ewangelizacione
1408 1747 1488 1789 per
1517 1758 1572 1765 —
1605 1734 1818 1787 dyabolus
1845 1733 2057 1776 mundum
2090 1734 2174 1776 sibi
2199 1733 2405 1791 1161111ιί·-ἰ
2466 1759 2467 1762 =

421 1786 603 1832 ecclesie
634 1792 730 1833 370.
1466 1793 1522 1833 rit
1550 1793 1647 1833 255.
2472 1824 2473 1828 ,

363 1870 418 1877 —
450 1848 735 1889 excedentem
764 1847 961 1890 Scarioth
989 1849 1154 1891 habent
1183 1850 1279 1892 370.
1408 1850 1611 1890 Fratrum
1631 1861 1866 1890 consensus
1885 1849 2054 1891 crimini
2071 1853 2117 1891 et
2133 1849 2278 1892 heresi
2301 1849 2371 1891 94.
2404 1858 2405 1862 ’
2474 1854 2476 1866 ³

360 1926 418 1932 —
445 1919 535 1946 non
564 1906 726 1946 debent
745 1919 792 1947 se
812 1906 859 1946 in
878 1907 1002 1948 birris
1022 1920 1204 1948 onerare
1225 1909 1368 1949 370.1
1410 1929 1464 1936 —
1494 1907 1648 1962 religio
1677 1918 1794 1948 vana
1823 1911 1889 1947 est
1915 1907 2013 1948 218.

362 1985 415 1991 -
446 1963 586 2003 60111111
629 1963 908 2004 mendicandi
954 1965 1103 2019 gracia
1149 1965 1324 2006 domum
1413 1987 1461 1994 -
1497 1964 1741 2018 periculosa
1768 1964 1970 2005 versucia
2005 1965 2104 2007 472.
2391 1996 2395 2007 .
2475 2006 2477 2018 ς

418 2021 581 2061 intrant
611 2021 707 2062 370.
1412 2045 1464 2051 —
1495 2022 1649 2075 rapina
1676 2021 1791 2075 rapit
1817 2020 1951 2062 fidem
1987 2022 2044 2067 ab
2072 2022 2238 2075 anima,
2282 2034 2399 2078 non4

359 2097 416 2105 —
447 2078 573 2118 multi
602 2077 804 2118 dicuntur
833 2091 928 2119 esse
958 2079 1135 2132 dyaboli
1164 2081 1260 2121 363.
1467 2079 1608 2120 solum
1637 2083 1868 2133 argentum
1897 2083 1942 2120 et
1969 2092 2124 2121 aurum
2153 2080 2222 2122 21.

363 2160 414 2165 —
447 2135 723 2188 multiplicati
765 2140 866 2176 sunt
907 2136 955 2176 in
997 2137 1324 2178 mendicacione
1413 2160 1463 2166 —
1496 2149 1658 2191 magna
1685 2148 1785 2189 pars
1804 2135 1936 2178 debet
1963 2149 2059 2179 esse
2082 2137 2221 2179 tercia
2247 2141 2391 2194 parte,¹

420 2197 463 2232 et
491 2192 730 2233 mendaciis
760 2194 856 2234 366.
1468 2194 1651 2235 ecclesie
1682 2194 1779 2235 708.

362 2271 416 2278 -
448 2249 624 2302 dyaboli
653 2263 748 2290 esse
779 2250 982 2291 dicuntur
1010 2253 1107 2293 364.
1412 2274 1465 2280 -
1496 2251 1635 2306 magis
1663 2251 1859 2305 perversi
1887 2250 2092 2293 demonia
2116 2253 2184 2294 35.

360 2328 415 2335 —
445 2307 492 2347 in
527 2307 853 2349 mendicacione
887 2308 1076 2350 induunt
1112 2309 1325 2351 condicio·
1412 2332 1465 2337 —
1496 2308 1660 2349 heresis
1682 2308 1736 2349 de
1766 2308 1940 2349 domino
1959 2309 2148 2367 seculari
2174 2310 2255 2351 95.
2368 2342 2375 2345 .

420 2377 523 2404 nem
553 2364 729 2417 dyaboli
758 2366 855 2406 367.
1414 2388 1464 2396 -
1497 2366 1633 2419 aliqui
1647 2370 1749 2406 sunt
1767 2364 1920 2407 fideles
1939 2366 2077 2420 aliqui
2087 2360 2284 2421 perversi
2303 2367 2397 2415 16.

359 2443 416 2450 —-
447 2421 616 2476 eligunt
643 2421 689 2462 in
719 2422 940 2464 ordinibus
977 2423 1220 2464 anticristos
1249 2423 1325 2464 ali·
1414 2446 1462 2453 —
1496 2422 1819 2464 incontinencia
1847 2423 2080 2478 corporalis
2107 2425 2176 2466 40.

418 2492 526 2532 quos
555 2480 651 2520 367.
1412 2506 1462 2512 —
1496 2480 1669 2521 habitus
1700 2485 1744 2521 et
1773 2480 1963 2522 salvacio
1993 2481 2087 2523 eius
2116 2482 2184 2524 35.

363 2557 416 2564 -
446 2536 722 2577 menciuntur
749 2549 796 2577 se
817 2537 968 2578 extolli
985 2550 1116 2592 supra
1138 2537 1324 2579 Gristum
1413 2561 1466 2567 —
1497 2538 1688 2579 claustra
1713 2539 1782 2579 47.

421 2594 517 2634 367.
1411 2618 1465 2624 —
1496 2607 1614 2636 vana
1641 2595 1795 2650 religio
1825 2595 1894 2636 48.

364 2672 416 2678 —
450 2649 505 2690 de
525 2650 786 2691 fundacione
812 2665 986 2692 suorum
1007 2652 1206 2693 ordinum
1226 2654 1322 2694 353.
1413 2677 1465 2683 —
1496 2653 1714 2693 laboriosa
1743 2651 1989 2693 sollicitudo
2018 2653 2086 2694 39.

363 2730 416 2736 -
450 2707 604 2748 volunt
640 2707 846 2749 inducere
882 2709 1065 2750 invenes
1094 2709 1250 2751 divites
1278 2710 1324 2750 in
1414 2731 1468 2737 —
1497 2709 1715 2750 habitacio
1745 2714 1999 2764 sumptuosa
2028 2710 2123 2752 103.

422 2768 560 2805 artem
588 2765 926 2806 mendicacionis
956 2767 1052 2807 367.
1413 2791 1464 2798 -
1497 2767 1696 2821 operacio
1728 2768 1822 2808 103.

361 2843 421 2851 —
451 2821 508 2862 ad
537 2835 645 2862 onus
677 2823 860 2864 ecclesie
886 2823 1120 2865 introducti
1149 2825 1246 2865 368.
1413 2848 1466 2854 -
1496 2823 1820 2878 predicaciones
1848 2823 2082 2866 mendaces
2109 2825 2178 2866 97.

363 2901 418 2908 —
449 2891 688 2932 pauperem
705 2880 916 2934 populum
937 2894 1078 2934 usque
1107 2881 1164 2921 ad
1194 2894 1325 2936 egen·
1412 2905 1464 2911 —-
1487 2883 1532 2922 in
1554 2882 1749 2922 ordinem
1763 2881 2108 2936 ingredientibus
2121 2882 2286 2924 malum
2301 2883 2344 2924 9·
2363 2916 2372 2927 „

421 2937 532 2976 ciam
562 2937 747 2990 spoliare
777 2938 931 2978 volunt
960 2939 1056 2980 367.
1412 2963 1465 2968 -—
1496 2939 1569 2980 lex
1598 2939 1750 2980 melior
1783 2941 1851 2980 96.

363 3015 416 3021 —
437 2993 592 3034 volunt
606 2994 1216 3036 omneshominesmendicare
1227 2997 1322 3038 366.
1411 3020 1465 3026 —
1495 2996 1766 3050 presumpcio
1795 2997 1864 3038 96.

313 3077 316 3080 «
363 3073 417 3079 —
448 3051 733 3092 consenciunt
769 3052 937 3092 crimini
965 3053 1033 3094 sui
1067 3053 1206 3094 tocius
1235 3067 1324 3094 601-
1413 3077 1466 3083 -
1496 3053 1763 3094 introduccio
1792 3054 1839 3093 in
1868 3053 2097 3095 ecclesiam
2130 3054 2199 3095 94.

418 3107 534 3161 poris
563 3109 660 3149 331.
1412 3134 1464 3139 —-
1496 3112 1605 3152 ritus
1633 3110 1830 3165 putridus
1860 3112 1928 3152 93.

362 3187 417 3192 —
448 3178 537 3205 non
566 3166 799 3207 observant
825 3165 971 3220 legem
1001 3166 1073 3208 dei
1103 3168 1198 3208 332.
1409 3191 1468 3198 -
1498 3169 1715 3209 novitates
1745 3168 1983 3222 culpabiles
2017 3169 2086 3210 93.

364 3243 417 3250 —
447 3221 707 3274 ydolatriam
737 3224 1010 3264 committunt
1039 3225 1135 3266 332.
1412 3250 1466 3255 —
1498 3225 1834 3279 spoliacionibus
1861 3225 2063 3266 resistere
2094 3225 2190 3267 194.
2359 3262 2361 3266 .

364 3300 417 3307 —-
450 3279 649 3320 ordinum
676 3280 890 3321 homicide
919 3286 1021 3322 sunt
1054 3282 1150 3322 332.
1411 3306 1464 3313 —
1496 3283 1663 3336 species
1692 3283 1917 3323 auferatur
1945 3282 2000 3324 de
2029 3282 2215 3324 ecclesia
2243 3283 2311 3324 80.

363 3358 417 3364 --
449 3336 621 3390 culpam
641 3337 902 3378 contrahunt
921 3351 977 3379 ex
997 3351 1210 3380 consensu
1226 3341 1321 3381 333.
1411 3364 1461 3370 —
1497 3339 1710 3380 correccio
1741 3341 1808 3381 79.
2372 3348 2374 3350 ’

363 3415 417 3421 -
448 3393 475 3433 1.
527 3407 564 3435 6.
614 3395 806 3449 religiosi
852 3396 1011 3449 privati
1057 3397 1324 3450 propositum
1410 3420 1465 3426 —
1494 3397 1661 3451 perfida
1689 3410 1797 3451 gens
1832 3397 1900 3438 79.
2360 3416 2369 3431 .=

420 3463 546 3491 suum
574 3452 840 3493 custodirent
869 3454 965 3494 505.
1411 3478 1465 3483 —
1495 3454 1712 3495 novitates
1742 3454 1980 3508 culpabiles
2007 3453 2251 3499 introducto
2280 3453 2349 3501 93.
2365 3467 2381 3475 ’
