2528 4074
83 2587 99 2630 ΙΙ
119 2588 147 2620 0
158 2588 228 2628 fol.
245 2589 331 2620 18611

353 371 459 418 496
1066 367 1383 406 JOHANNJS
1421 367 1652 413 WJOLJF,
2125 363 2232 420 [cap.
2260 367 2354 408 HI.
2457 352 2459 354 ’

1216 553 1358 602 ΟΑΡ.
1399 553 1491 601 ΙΙΙ.

499 691 717 743 Contra¹
757 711 907 760 quam
945 695 1250 759 posicionem
1290 694 1457 757 arguit
1481 690 1718 759 quidam²
1742 694 2047 743 reverendus
2071 694 2348 745 monachus
2406 680 2422 716 3'

350 780 713 844 multipliciter.
2175 829 2180 833 .
2402 834 2419 848 4

495 865 666 913 Primo
705 865 796 913 sic:
837 864 1007 914 nullus
1046 865 1167 913 ordo
1205 865 1512 914 monasticus
1537 863 1694 913 habet
1720 864 1976 913 defectum
2003 864 2345 925 essencialem,
2399 879 2410 912 ⁵.

350 958 561 1016 propter
585 966 731 1016 quem
759 956 834 998 est
858 949 1139 1013 culpabilis,
1167 957 1217 998 et
1254 967 1369 999 cum
1400 949 1560 998 omnis
1591 949 1712 998 ordo
1737 950 2042 998 monasticus
2074 957 2150 999 est
2172 949 2348 1014 religio
2484 931 2487 946 ‘X

351 1036 567 1100 privata,
621 1035 858 1100 sequitur,
914 1035 1048 1100 quod
1099 1052 1201 1084 non
1252 1035 1411 1084 omnis
1448 1035 1623 1099 religio
1663 1035 1863 1099 privata
1900 1034 2057 1083 habet
2094 1034 2350 1084 defectum

351 1119 696 1176 essencialem,
730 1127 937 1185 propter
974 1137 1124 1188 quem
1162 1128 1236 1170 est
1275 1120 1558 1185 culpabilis.
2400 1107 2407 1113 Ὗ

497 1204 929 1270 Consequenciam
967 1206 1090 1255 dicit
1125 1213 1302 1271 patere
1341 1223 1455 1255 cum
1486 1206 1679 1265 minori,
1721 1213 1771 1254 et
1796 1206 2036 1255 maiorem
2063 1177 2232 1270 arguit
2257 1205 2348 1255 sic:
2435 1215 2456 1233 ·‘
2482 1216 2484 1233 ²

352 1308 502 1340 omne
538 1298 727 1350 votum,
773 1291 827 1339 in
865 1309 962 1356 quo
1001 1292 1226 1341 consistit
1263 1291 1605 1341 essencialiter
1642 1291 1763 1340 ordo
1802 1291 2122 1357 monasticus,
2178 1307 2352 1340 secun-
2396 1276 2410 1330 ]
2482 1288 2486 1321 ²

350 1377 475 1426 dum
514 1393 713 1425 omnem
751 1393 893 1426 suam
933 1377 1278 1426 condicionem
1318 1374 1673 1427 essencialem3
1710 1376 1956 1425 fundatur
1978 1377 2033 1425 in
2058 1376 2350 1441 ewangelio,
2387 1386 2399 1407 ·’
2448 1378 2453 1420 ἰ

351 1479 427 1522 θο,
469 1463 602 1528 quod
640 1479 787 1511 omne
824 1469 998 1511 votum
1036 1459 1353 1512 huiusmodi4
1391 1469 1467 1511 est
1508 1469 1683 1511 votum
1720 1462 2051 1527 paupertatis,
2107 1463 2352 1512 castitatis
2389 1499 2392 1502 -
2452 1528 2453 1532 Ἰ

350 1544 467 1598 vel⁵
506 1547 812 1607 obediencie,
854 1565 971 1612 ergo
1012 1548 1170 1597 omnis
1198 1548 1318 1597 ordo
1345 1548 1651 1596 monasticus
1677 1547 1955 1596 secundum
1981 1563 2182 1596 omnem
2208 1563 2352 1598 suam
2400 1572 2402 1574 ’
2481 1554 2483 1569 ¹

352 1633 700 1683 condicionem
739 1633 1064 1682 essencialem
1102 1633 1349 1682 fundatur
1385 1634 1436 1682 in
1483 1627 1772 1696 ewangeIiO,
1828 1641 1879 1681 et
1914 1649 2007 1698 per
2043 1649 2354 1699 consequens

352 1708 524 1767 nullus
576 1719 697 1767 ordo
750 1719 1055 1768 monasticus
1092 1717 1248 1767 habet
1285 1718 1541 1768 defectum
1579 1717 1921 1777 essencialem,
1961 1724 2168 1783 propter
2197 1735 2394 1784 ‘quem³

352 1811 431 1853 est
469 1803 751 1867 culpabilis.
2383 1856 2386 1875 ζ

497 1889 600 1938 Hic
639 1885 853 1938 dicitur⁶
889 1889 1138 1953 negandO,
1195 1889 1329 1955 quod
1366 1889 1537 1939 nullus
1574 1889 1695 1938 ordo
1733 1890 2040 1939 monasticus
2077 1888 2235 1950 habet
2270 1889 2354 1940 de·

350 1975 544 2024 fectum
597 1974 938 2034 essencialem,
993 1981 1201 2040 propter
1253 1991 1403 2041 quem
1455 1981 1531 2024 est
1582 1974 1866 2039 culpabilis.
1950 1974 2021 2025 Et
2058 1975 2140 2025 -ad
2175 1974 2354 2040 proba·
2450 1959 2489 2023 i

352 2061 549 2110 cionem
581 2061 685 2109 eius
712 2077 824 2109 cum
852 2061 922 2110 sic
950 2061 1198 2124 arguitur:
1240 2077 1386 2109 omne
1412 2066 1587 2110 votum
1613 2065 1750 2120 etc.‘¹,
1792 2060 1975 2110 dicitur
1998 2061 2095 2111 hoc
2120 2051 2395 2127 negando-j
2449 2086 2451 2091 ·

352 2163 427 2206 eo,
475 2146 608 2211 quod
653 2153 828 2195 votum
866 2145 1174 2206 obediencie,
1220 2147 1273 2195 in
1320 2162 1417 2211 quo
1456 2146 1683 2195 consistit
1717 2146 2062 2196 essencialiter
2097 2146 2220 2196 ordo
2256 2146 2395 2212 Ρτί-ῗ,
2468 2129 2472 2138 ¹

351 2238 503 2281 vatus
553 2231 874 2291 monasticus,
928 2249 1030 2280 non
1067 2231 1345 2281 secundum
1383 2248 1582 2280 omnem
1622 2232 1968 2281 condicionem
2006 2249 2149 2282 suam
2193 2238 2397 2282 essen-²
2477 2225 2481 2273 3

352 2316 535 2366 cialem
587 2316 832 2365 fundatur
880 2317 934 2365 in
985 2317 1276 2381 ewangelio,
1332 2335 1448 2367 cum
1499 2324 1674 2366 votum
1725 2317 1892 2382 ipsum
1944 2317 2222 2367 secundum
2266 2317 2355 2368 ali-
2375 2377 2394 2391 Ἰ,
2446 2311 2484 2358 s'

353 2418 507 2467 quam
544 2402 650 2451 eius
688 2403 1035 2452 condicionem
1073 2399 1290 2467 obliget⁷
1331 2403 1397 2452 ad
1435 2403 1740 2452 servandum
1777 2403 1903 2452 ritus
1939 2403 2188 2453 humanos
2219 2402 2394 2455 αἰῶ-Εἴ
2476 2407 2478 2467 s

353 2487 464 2547 hoc,
506 2488 639 2552 quod
676 2487 931 2538 facilitant
968 2489 1034 2537 ad
1072 2488 1455 2538 observanciam
1492 2488 1746 2552 religionis
1794 2489 2072 2538 communis
2108 2479 2393 2554 perfeeto-⁵
2475 2494 2479 2552 Υ

353 2589 481 2632 rum,
536 2580 593 2621 ut
643 2569 811 2638 priusb
864 2581 939 2623 est
989 2574 1275 2639 probatum.
1307 2579 1324 2630 ΙΙ
1352 2573 1437 2622 Ex
1489 2591 1587 2640 quo
1641 2574 1879 2639 sequitur,
1934 2574 2068 2640 quod
2119 2574 2173 2623 in
2211 2574 2363 2624 nulla-

352 2657 650 2707 obediencia
687 2676 813 2723 pure
852 2660 1159 2724 ewangelica
1197 2660 1404 2724 speciali
1441 2660 1525 2710 vel
1562 2659 1789 2724 generali
1825 2676 1890 2708 ex
1926 2667 2044 2709 voto
2081 2660 2222 2710 faeta
2245 2676 2354 2730 press
2379 2663 2389 2694 Γ

353 2743 458 2792 lato
497 2743 589 2792 sub
630 2744 723 2793 deo
760 2752 967 2809 propter
1004 2762 1226 2794 amorem
1265 2745 1346 2794 dei
1382 2744 1664 2795 fundantur
1699 2736 1943 2809 implicite
1968 2745 2052 2795 vel
2083 2741 2353 2811 explicite⁸
2373 2746 2389 2779 -'

353 2845 528 2878 omnes
579 2829 715 2878 licite
768 2836 818 2878 et
868 2830 1076 2880 honeste
1130 2830 1455 2879 observancie
1506 2831 1783 2880 monastice
1843 2830 2122 2880 secundum
2183 2840 2381 2881 omnes
2442 2843 2444 2846 ’

352 2931 471 2964 suas
509 2915 829 2965 condiciones
868 2916 1180 2975 essenciales‚
1222 2932 1294 2975 e0,
1336 2916 1470 2981 quod
1507 2916 1739 2965 statuicio
1776 2916 2001 2965 humana
2036 2917 2245 2966 istarum
2272 2915 2389 2966 ob-2:
2451 2975 2453 2979 ⁸

714 3072 839 3110 ΟΑΡ.
871 3071 970 3110 ΙΙΙ.
1028 3075 1047 3092 a
1080 3073 1149 3123 Op.
1182 3072 1304 3110 above
1337 3071 1364 3111 l.
1398 3076 1423 3112 8
1443 3071 1494 3125 ff.
1610 3068 1627 3093 ²²
1659 3086 1720 3124 ep.
1754 3072 1876 3111 above
1898 3085 1945 3123 p.
1978 3075 2060 3112 494

471 3214 596 3253 OAP.
618 3214 717 3253 ΠΙ.
778 3211 793 3234 1
826 3214 880 3253 In
900 3216 943 3252 A
971 3214 1008 3253 is
1038 3214 1135 3252 add.
1165 3215 1208 3252 in
1238 3227 1364 3253 mar„-
1394 3214 1510 3254 Nota
1524 3211 1587 3253 ΑΙ
1703 3211 1720 3235 2
1752 3213 1929 3267 quidam
1944 3211 2055 3271 Ααβ
2133 3213 2308 3268 quidem
2325 3203 2373 3266 02}
2440 3215 2442 3219 ·

403 3284 686 3325 essencialem
703 3282 778 3342 Αβ
836 3299 912 3324 om.
931 3286 965 3324 O
1019 3297 1142 3324 suam
1165 3301 1193 3326 α
1301 3282 1319 3306 4
1348 3299 1389 3325 v.
1421 3285 1461 3325 h.
1481 3287 1543 3327 Οα
1576 3286 1647 3335 (in
1677 3287 1710 3324 O
1736 3287 1978 3336 transposed
2006 3286 2056 3338 by
2083 3285 2255 3336 maa-ke)
2324 3274 2375 3339 χ’Ι
2439 3317 2444 3322 .,

352 3369 396 3395 v.
415 3354 490 3412 Αβ
605 3354 624 3378 5
652 3356 725 3397 vel
751 3354 849 3414 4οβ
936 3361 980 3396 θῖ
998 3373 1025 3398 α
1173 3353 1189 3377 ⁶
1220 3356 1376 3396 dicitur
1393 3358 1455 3398 Οα
1518 3357 1667 3397 dicunt
1682 3355 1770 3414 Αβ,
1828 3357 1872 3396 in
1905 3357 1938 3396 Ο
1963 3358 2000 3396 is
2029 3357 2127 3396 add.
2147 3358 2200 3411 ‘in
2227 3351 2378 3404 maa-‚53³
2436 3376 2438 3378 ·

352 3426 593 3480 Responsio
627 3425 681 3467 0¹
799 3425 815 3449 ⁷
847 3428 1011 3482 obliget
1026 3425 1133 3484 ΑΟβ
1212 3428 1421 3482 obligata
1538 3426 1556 3450 ⁸
1585 3428 1824 3468 fundantur
1851 3428 1922 3468 im.
1953 3442 1995 3468 v.
2028 3441 2096 3468 ex,
2115 3429 2150 3467 0
2203 3413 2379 3474 funda«,
2431 3431 2447 3468 ᾖ
2474 3426 2476 3430 '

354 3501 425 3537 tur
454 3498 525 3538 im.
556 3513 597 3538 v.
631 3511 698 3538 ex.
722 3515 750 3540 α
811 3499 1020 3539 fundatur
1049 3512 1116 3540 ex.
1147 3514 1188 3540 v.
1220 3499 1320 3552 imp.
1338 3497 1414 3556 Αβ
2360 3506 2366 3513 ’·

351 3280 373 3305 3
