2528 4074
889 396 1196 437 GENERAL
1227 396 1447 436 INDEX.

150 546 477 602 Discipulorum
507 543 742 586 servicium
773 541 871 583 683.

153 620 257 647 —os
300 616 416 659 pape
461 601 709 658 significare
749 599 926 641 videtur
964 598 1133 654 Magog·

208 665 305 706 396.

67 725 71 730 ’
151 747 203 754 ——
234 734 335 763 suos
364 719 557 774 baptista
587 717 644 758 ad
675 720 842 758 sectam
874 714 1004 757 Gristi
1033 728 1130 769 pre-

203 778 376 846 paravit
406 778 504 819 313.

147 841 202 881 de
232 838 325 878 —is
354 836 444 878 suis
474 834 604 876 Cristi
631 837 843 888 precepta
874 833 973 875 371.

146 896 347 940 Discolus
376 893 454 935 fiet
473 892 689 948 presbiter
710 896 890 947 propter
920 891 1129 934 securita-

201 960 293 997 tem
321 951 631 1008 perpetuitatis
662 951 760 993 273.

146 1014 244 1055 —lo
274 1012 479 1066 aliegene
508 1010 627 1051 bona
656 1022 738 1050 sua
767 1009 967 1051 conferre
998 1009 1096 1050 243.

143 1072 231 1113 -li
260 1070 467 1113 continue
499 1072 603 1110 sunt
632 1068 790 1109 fratres
822 1069 893 1109 45.

141 1128 404 1173 Discordant
434 1127 610 1170 ordines
640 1127 697 1168 ab
728 1126 975 1182 ewangelio
1008 1127 1105 1167 369.

141 1187 414 1232 Discordiam
445 1186 647 1228 domibus
666 1185 857 1227 visitatis
885 1184 1043 1226 fratres
1065 1184 1126 1225 di-

201 1251 305 1289 cunt
336 1246 434 1287 370.

141 1306 268 1347 —die
300 1309 345 1346 et
374 1303 482 1345 belli
513 1303 776 1345 excitatores
807 1302 907 1344 594.

141 1388 194 1395 —
226 1368 272 1406 et
299 1363 519 1404 bellorum
548 1361 815 1417 principium
846 1361 945 1402 688.

143 1447 189 1455 -
224 1422 374 1463 literas
405 1420 575 1476 fingere
608 1421 676 1462 32.

56 1499 66 1540 j
139 1505 192 1512 -—
223 1485 268 1523 et
296 1480 416 1522 bella
445 1492 527 1534 per
555 1479 711 1520 fiatres
740 1477 926 1519 incitata
956 1477 1054 1519 575.

98 1559 103 1563 ·
140 1564 190 1571 —
225 1539 415 1594 corporis
437 1538 624 1579 ecclesie
658 1538 754 1578 142.

136 1622 189 1630 —-
199 1603 244 1641 et
259 1597 493 1639 dislocacio
510 1596 806 1638 membrorum
822 1594 1121 1649 corporis145.

137 1657 366 1698 -diarum
396 1655 683 1697 seminarium
712 1655 812 1696 458.

27 1693 79 1746 ἓξ
135 1716 286 1757 -dias
315 1714 537 1756 seminant
566 1718 686 1755 secte
718 1714 796 1766 953
831 1713 928 1754 143.

60 1783 62 1786 ’
132 1774 399 1817 Discrasiam
421 1773 610 1815 ecclesia
625 1772 820 1813 militans
835 1771 1004 1826 patitur
1022 1771 1119 1813 711.

132 1833 374 1875 Discrasiat
419 1831 790 1886 distemperancia
834 1843 1024 1886 regnum
1073 1830 1120 1870 in

188 1891 505 1946 temporalibus
536 1891 635 1932 243.

27 1947 57 2003 „⁸”
131 1949 483 1994 Discredendum
514 1953 582 1991 est
605 1948 987 2004 pseudofratribus
1018 1949 1117 1989 464.

31 2020 43 2050 ⁴·
131 2009 413 2064 Discrepacio
465 2008 652 2050 fratrum
701 2021 730 2049 a
785 2008 944 2063 regula
990 2007 1119 2050 Gristi

189 2068 288 2110 481.

24 2118 38 2148 ’·
131 2126 378 2169 Β181003010
411 2130 456 2168 01
476 2125 687 2167 discrasia
707 2125 1005 2167 membrorum
1027 2139 1118 2166 cor-

186 2186 304 2241 poris
337 2185 434 2227 145.

50 2270 59 2295 g
130 2245 342 2300 Dispares
371 2247 555 2285 naturas
584 2242 813 2284 hominum
844 2242 1117 2284 confundere

187 2304 235 2345 111
262 2315 400 2345 11113111
429 2302 633 2358 regulam
664 2303 762 2344 303.

54 2352 66 2407 ,s
131 2361 424 2417 Dispendium
456 2366 502 2403 et
530 2361 694 2402 iniuria
721 2360 911 2415 proximi
942 2361 1040 2402 247.

131 2422 188 2463 ad
217 2444 272 2452 —
304 2420 378 2462 dei
407 2420 595 2462 verbum
621 2420 871 2474 predictum
901 2433 991 2461 non
1033 2419 1116 2460 for-

187 2480 327 2521 midat
356 2480 603 2521 417—418.

15 2574 22 2585 2
62 2551 64 2553 ·
130 2538 421 2594 Dispensacio
453 2538 574 2579 curie
603 2550 787 2579 romane
818 2538 917 2579 468.

18 2603 22 2607 ’
50 2636 57 2647 ,
129 2598 176 2639 111
206 2610 322 2639 -110
352 2597 605 2638 intercurrit
633 2596 827 2651 pecunia
860 2597 956 2637 166.

22 2667 23 2671 ’
55 2658 74 2685 3
131 2669 267 2698 —nes
297 2669 413 2711 pape
445 2656 544 2697 691.

128 2716 369 2770 Dispensat
406 2713 573 2756 Cristus
617 2713 831 2755 mutando
869 2717 1037 2754 sectam
1068 2712 1115 2753 in

187 2774 346 2815 melius
378 2774 476 2814 285.

13 2817 18 2865 ¹>
44 2860 54 2867 --
127 2834 456 2888 Disperguntur
484 2831 603 2873 vires
633 2831 781 2873 anime
814 2831 911 2872 123.

12 2908 14 2910 ·
63 2893 67 2930 “.
129 2892 355 2934 Dissensio
386 2903 603 2946 paparum
632 2894 813 2945 propter
847 2889 1115 2944 cupiditates

187 2949 402 2992 mundani
431 2949 609 2991 honoris
638 2954 792 2991 exorta
822 2949 921 2991 572.

5 3032 12 3039 -
59 3053 61 3061 s
129 3034 183 3040 -
213 3013 493 3051 monstruosa
520 3020 738 3063 paparum
768 3009 867 3050 570.

14 3070 16 3074 '
130 3091 182 3099 —
213 3081 430 3124 paparum
461 3066 680 3122 quomodo
710 3066 942 3109 sedaretur
976 3067 1074 3108 590.
1113 3111 1115 3113 ,

130 3151 184 3157 -
214 3140 431 3182 paparum
471 3130 656 3167 causata
692 3139 749 3167 ex
793 3125 999 3167 mendaci
1039 3124 1114 3166 de-

185 3186 306 3228 fectu
338 3187 436 3227 589.

22 3252 65 3300 ’ſs‘
130 3245 253 3286 —nis
283 3245 398 3286 inter
427 3242 628 3285 homines
668 3255 804 3284 causa
843 3247 910 3284 est
946 3247 1113 3297 tempo-

31 3334 44 3341 -
184 3304 342 3345 ralium
372 3302 544 3343 ablacio
576 3303 674 3344 370.

27 3360 55 3419 ,ἐς
130 3384 183 3391 -
215 3361 501 3404 seminarium
535 3373 616 3416 per
661 3360 901 3414 dyabolum
948 3359 1115 3401 oculta-

28 3459 59 3524 'ssvf
131 3421 546 3521 -1110182311111113111111
577 3477 741 3519 auferri
772 3477 938 3519 debent
969 3477 1067 3519 572.

132 3561 184 3568 —
215 3538 336 3580 bella
367 3542 450 3579 etc.
482 3550 563 3591 per
582 3540 726 3578 sectas
747 3541 900 3578 exorte
933 3537 1030 3578 712.

130 3597 316 3639 —nibus
346 3595 469 3637 Petri
499 3595 623 3637 curia
652 3595 789 3636 servit
820 3596 918 3637 550.

2102 401 2204 449 749

1220 539 1469 580 Dissolucio
1491 540 1790 580 conventiculi
1812 540 2045 594 proficeret
2066 542 2188 584 eccle

1279 598 1343 639 sie
1374 598 1584 638 militanti
1616 599 1713 639 225.

1219 656 1413 697 Dissolvi
1445 655 1611 697 debent
1641 660 1760 697 secte
1793 657 1890 698 301.

1218 715 1462 755 Dissonant
1492 718 1648 755 cantus
1680 714 1759 754 alti
1789 715 1888 756 345.

1218 773 1399 813 Distant
1429 772 1586 813 fratres
1618 772 1674 813 ab
1705 772 1877 814 unitate
1908 772 2015 814 fidei
2049 775 2145 816 173.

1217 831 1603 885 Distemperancia
1638 843 1827 886 regnum
1866 831 1912 871 in
1953 833 2204 886 temporali-

1275 891 1358 932 bus
1389 889 1620 930 discrasiat
1650 891 1749 931 243.

1216 948 1459 990 Distinccio
1471 952 1767 1003 conceptuum
1777 948 1988 1003 quinque,
1999 948 2110 991 scire
2120 954 2203 991 etc.

1217 1089 1272 1096 —
1305 1066 1500 1107 colorum
1531 1065 1737 1107 monachi
1768 1066 1866 1107 535.

1215 1124 1436 1166 Distincte
1483 1124 1592 1165 deus
1643 1124 1869 1180 cegnoscit
1919 1129 1964 1165 et
2012 1124 2205 1166 intendit

1274 1183 1475 1224 homines
1508 1183 1576 1224 78.

1214 1242 1484 1283 Distribucio
1516 1241 1828 1296 temporalium
1860 1246 1927 1313 est
1952 1242 2202 1296 periculosa

1214 1382 1268 1388 --
1321 1359 1487 1413 inequa
1537 1358 1777 1412 spoliorum
1828 1363 1966 1413 auget
2025 1359 2203 1414 culpam

1271 1417 1459 1458 fratrum
1491 1417 1589 1458 253.

1214 1499 1267 1506 —
1299 1476 1466 1530 inequa
1511 1475 1823 1530 temporalium
1858 1488 1996 1516 causa
2041 1475 2202 1518 discor-

1271 1534 1443 1576 diarum
1475 1534 1574 1576 688.

1213 1617 1264 1623 —
1298 1594 1465 1648 inequa
1494 1592 1807 1647 temporalium
1837 1593 1907 1634 42.

1210 1674 1267 1682 —
1297 1653 1514 1694 bonorum
1561 1651 1748 1693 ecclesie
1796 1656 1863 1693 est
1911 1651 2201 1707 collegiorum

1269 1711 1479 1752 fundacio
1512 1712 1611 1752 272.

1208 1792 1266 1800 ——
1296 1770 1608 1825 temporalium
1630 1769 1875 1811 secundum
1903 1769 2106 1824 regulam
2127 1769 2200 1811 dei

1207 1887 1479 1929 Distributor
1528 1887 1839 1942 temporalium
1891 1886 2058 1928 Cristus
2102 1885 2199 1928 fieri

1266 1947 1410 1988 noluit
1442 1948 1541 1988 374.

1206 2006 1383 2047 Ditacio
1415 2005 1523 2047 cleri
1561 2004 1807 2046 secundum
1845 2004 1994 2059 legem
2032 2003 2198 2045 domini

1265 2064 1471 2120 regulata
1501 2065 1600 2105 419.

1206 2123 1432 2164 Diuturna
1464 2122 1648 2164 dileccio
1681 2121 1753 2163 dei
1783 2122 1829 2162 in
1865 2126 1983 2162 statu
2015 2122 2195 2163 inoben-

1266 2183 1333 2223 cie
1365 2183 1462 2224 125.

1206 2241 1398 2283 Diversa
1428 2244 1625 2282 scemata
1654 2239 1965 2280 mandatorum
2000 2239 2096 2280 116.

1206 2300 1374 2342 Divina
1403 2304 1567 2341 natura
1588 2303 1655 2340 est
1674 2299 1791 2340 intra
1811 2311 1858 2339 se
1881 2303 2036 2339 eterna
2067 2311 2194 2352 spon-

1266 2359 1383 2400 sacio
1416 2360 1513 2401 163.

1208 2441 1260 2447 -
1294 2417 1534 2459 influencia
1563 2416 1741 2472 regulat
1769 2415 1970 2457 homines
2002 2416 2100 2457 209.

1208 2501 1262 2506 —
1295 2477 1519 2518 ordinacio
1552 2476 1670 2516 ultra
1699 2488 1838 2529 papas
1876 2476 1969 2516 172.

1208 2559 1262 2565 —
1295 2535 1525 2577 sentencia
1551 2535 1599 2575 in
1618 2531 1783 2589 populo
1803 2533 2075 2588 publicanda
2096 2534 2194 2575 270.

1207 2607 1321 2635 —ne
1352 2607 1541 2649 persone
1570 2598 1661 2634 tres
1691 2606 1820 2647 pares
1851 2597 1955 2633 sunt
1988 2593 2084 2634 169.

1206 2677 1260 2682 —
1292 2666 1480 2708 persone
1522 2652 1610 2694 due
1647 2651 1895 2707 procedunt
1933 2651 1989 2692 ab
2037 2650 2195 2692 eadem
2275 2699 2278 2702 .

1263 2725 1453 2767 persona
1487 2713 1582 2753 163.

1205 2785 1371 2812 ——num
1402 2771 1635 2812 consilium
1666 2768 1905 2823 requiritur
1936 2769 2035 2810 213.

1203 2843 1231 2871 3
1263 2842 1380 2870 -113
1409 2841 1600 2884 persona
1643 2828 1788 2883 prima
1831 2827 2078 2883 paternitas
2116 2840 2193 2868 no-

1262 2889 1457 2930 minatur
1491 2890 1586 2930 162.

1205 2970 1258 2976 —
1309 2960 1500 3003 persona
1548 2947 1691 3002 prima
1747 2945 1948 3001 procedit
1997 2944 2195 3000 quelibet

1262 3011 1466 3048 creatura
1500 3008 1604 3062 163.,

1202 3066 1374 3107 Divisio
1391 3070 1613 3107 sectarum
1633 3065 1680 3104 in
1700 3063 1788 3105 fide
1811 3067 1856 3104 et
1875 3062 2072 3103 moribus
2093 3062 2191 3103 673.

1205 3147 1259 3153 —
1290 3125 1517 3180 religionis
1548 3123 1727 3178 quando
1758 3121 1976 3177 contingit
2005 3122 2105 3162 437.

1202 3204 1260 3211 -
1290 3196 1508 3238 paparum
1540 3183 1639 3224 620.

1205 3265 1258 3271 —
1291 3247 1513 3283 sectarum
1543 3241 1660 3296 sapit
1688 3244 1922 3295 peccatum
1955 3239 2023 3280 22.

1204 3324 1258 3329 ——
1292 3301 1509 3342 oracionis
1542 3301 1640 3342 342.

1203 3383 1258 3389 —
1292 3359 1528 3413 dyabolica
1558 3359 1604 3399 in
1635 3358 1766 3400 sectis
1799 3357 1897 3399 712.

1203 3442 1258 3448 —
1292 3418 1479 3460 ecclesie
1510 3432 1618 3459 num
1648 3415 1922 3458 insufficiens
1956 3416 2054 3457 705.

1203 3501 1257 3507 —
1290 3482 1512 3518 sectarum
1533 3476 1804 3531 prenosticat
1834 3474 2099 3516 divisionem
2130 3474 2191 3514 in-

1260 3535 1460 3578 fidelium
1492 3537 1591 3577 599.

1204 3619 1258 3624 —
1291 3595 1477 3636 ecclesie
1508 3607 1588 3649 per
1618 3593 1894 3635 anticristum
1927 3593 2026 3634 597.
