2528 4074
328 384 431 431 808

324 520 576 575 Prosperari
611 519 824 561 credimus
861 519 915 561 de
952 519 1068 561 clero
1104 518 1195 560 tam
1223 519 1286 560 in-

381 578 568 619 trinseco
598 589 730 631 quam
759 577 1001 619 extrinseco
1031 577 1128 618 419.

324 634 593 689 Prosperitas
622 633 844 675 mundana
880 638 926 675 et
958 634 1144 675 nominis
1180 638 1288 675 tem·-

381 692 542 747 poralis
570 691 785 745 cupiditas
813 704 996 746 regnum
1024 690 1184 746 Anglie
1214 704 1287 733 ex-

382 749 554 791 cecavit
582 749 679 789 419.

326 810 518 848 —tatem
537 805 803 846 mundanam
822 809 940 846 secte
956 809 1170 859 appetunt
1189 806 1286 847 398.

324 863 380 905 ad
419 867 587 904 —tates
623 861 865 903 mundanas
901 861 1075 916 spiritus
1112 866 1287 903 sanctus

382 934 472 961 uon
501 919 687 961 consulit
716 919 813 959 216.

322 978 604 1018 Prosternere
623 976 777 1017 volunt
796 974 978 1016 subdole
998 979 1116 1016 secte
1136 987 1285 1029 quem-

380 1046 554 1087 cunque
581 1033 767 1087 priorem
795 1031 869 1073 vel
891 1036 1119 1086 potentem
1148 1033 1194 1072 in
1222 1045 1287 1074 se-

379 1091 477 1131 culo
507 1091 576 1131 43.

322 1147 545 1189 Proteccio
573 1146 726 1201 regule
757 1145 883 1187 Cristi
912 1146 1022 1187 248.

322 1227 376 1234 -
413 1204 529 1259 regis
572 1208 618 1244 et
658 1203 915 1257 temporalia
957 1203 1082 1258 regni
1124 1203 1288 1245 debent

378 1260 580 1316 derogari
609 1261 707 1302 283.

321 1319 524 1359 Protervi
551 1322 793 1359 conventus
822 1318 891 1358 42.

319 1375 586 1417 Protestacio
617 1375 804 1417 auctoris
840 1375 913 1429 313
952 1374 1027 1427 753
1067 1375 1141 1427 763
1179 1375 1284 1427 2893

322 1513 375 1518 —
407 1489 592 1543 apostoli
621 1487 783 1542 (Pauli)
813 1492 963 1530 contra
992 1493 1132 1529 sectas
1165 1489 1231 1530 18.

318 1547 556 1588 Providere
582 1546 884 1600 presbyterum
903 1546 976 1586 vel
996 1551 1194 1586 curatum
1214 1545 1287 1587 de-

377 1604 453 1645 bet
480 1603 712 1644 intendens
740 1603 866 1657 regni
894 1603 1029 1643 nostri
1058 1604 1155 1645 275.

320 1661 484 1702 —dent
525 1661 679 1701 fratres
722 1659 832 1700 lucri
875 1659 1024 1714 gracia
1061 1660 1287 1714 spirituale

376 1718 632 1758 alimentum
662 1718 730 1758 56.

318 1775 513 1816 Provisio
541 1773 750 1828 prepositi
775 1774 822 1814 in
852 1774 1038 1815 ecclesia
1067 1775 1164 1816 563.

320 1832 519 1873 -siones
548 1844 663 1886 pape
697 1832 793 1872 171.

321 1912 374 1918 —
409 1888 719 1930 beneficiorum
754 1889 802 1929 in
837 1888 1023 1930 ecclesia
1057 1888 1286 1931 instituere

317 2004 564 2045 Provocant
592 2007 710 2044 secte
740 2002 797 2043 ad
825 2002 1036 2044 invidiam
1064 2003 1134 2044 42.

317 2065 526 2102 —cantes
542 2064 660 2101 secte
679 2059 737 2101 ad
755 2060 875 2101 bella
895 2064 939 2102 et
958 2059 1193 2102 discordias
1214 2062 1282 2104 51.

316 2118 510 2159 Proximi
539 2117 720 2158 dileccio
753 2118 848 2159 138.

319 2199 372 2205 —-
402 2175 449 2215 in
477 2179 637 2216 natura
667 2176 766 2216 138.

319 2246 445 2273 —mo
475 2232 695 2286 superstiti
723 2232 898 2273 mentiri
926 2233 1023 2274 351.

319 2303 494 2330 —mum
523 2289 705 2344 diligere
733 2294 784 2330 ut
812 2302 859 2330 se
887 2289 1030 2343 ipsum
1059 2291 1154 2332 118.

318 2360 465 2388 ——mos
493 2347 672 2388 visitare
701 2347 855 2387 fratres
882 2347 1127 2401 impediunt
1154 2347 1222 2388 47.

315 2404 562 2445 Prudencia
596 2404 790 2445 humana
824 2417 914 2445 non
949 2404 1110 2446 sufficit
1137 2405 1282 2446 facere

372 2461 628 2516 religionem
657 2461 751 2502 sine
781 2461 956 2503 defectu
986 2462 1083 2503 491.

318 2541 371 2547 —
403 2518 674 2573 ewangelica
705 2519 801 2560 101.

315 2575 513 2616 Prudens
543 2576 779 2630 compulsio
812 2576 907 2617 102.

318 2633 531 2673 ——dentes
561 2638 722 2674 cavent
750 2633 854 2674 dare
884 2633 1110 2674 consilium
1140 2633 1195 2675 de
1215 2646 1280 2675 sa-

372 2690 465 2730 lute
495 2690 639 2731 anime
669 2691 766 2731 527.
813 2698 823 2710 “

315 2747 499 2801 Prurigo
529 2747 752 2801 signorum
779 2747 1048 2788 sensibilium
1078 2748 1175 2789 348.

314 2804 512 2845 Psalmos
542 2808 588 2845 et
615 2805 767 2845 missas
796 2804 942 2845 dicere
971 2805 1069 2846 536.

315 2860 1280 2916 PseudocardinalesspoliantregnumAnglie

317 2999 370 3004 —
402 2979 585 3017 onerant
605 2980 650 3017 et
663 2974 925 3017 conturbant
936 2975 1166 3017 ecclesiam
1182 2977 1279 3018 674.

317 3055 371 3061 -—
402 3033 532 3073 electi
558 3046 638 3086 per
666 3033 933 3074 eleccionem
960 3033 1162 3075 stolidam
1182 3035 1279 3075 674.

315 3089 623 3131 Pseudofrater
666 3094 733 3131 est
776 3090 988 3143 dyabolus
1031 3091 1281 3132 incarnatus

318 3227 371 3233 -—
402 3204 687 3258 desponsatus
715 3204 773 3246 ad
791 3205 1095 3247 seminandum
1123 3205 1280 3247 discor·

374 3261 467 3302 dias
495 3262 594 3303 409.

317 3338 370 3347 ——
419 3318 648 3384 predicans
690 3318 879 3359 heresim
925 3301 1182 3361 licenciatur
1224 3320 1279 3361 ab

376 3377 576 3430 episcopo
627 3380 671 3417 et
720 3375 972 3418 defensatur
1019 3389 1046 3417 a
1093 3377 1282 3418 seculari

373 3433 548 3474 brachio
578 3433 677 3474 424.

319 3494 461 3530 —tres
489 3490 703 3531 seducunt
732 3490 890 3531 multos
926 3491 992 3532 76.

1055 377 1354 418 GENERAL
1383 377 1600 418 INDEX.

1373 518 1701 618 Psgggofratres
1731 519 1924 561 excitant
1960 519 2017 560 ad
2050 519 2335 587 pugnandum
2384 547 2387 549 >

1375 656 1427 662 -—
1467 637 1549 674 etc.
1587 632 1846 687 delinquunt
1879 633 1926 674 in
1960 645 2111 689 pugna
2147 634 2336 682 cruciato
2380 606 2398 663 ’ἶ

1432 691 1530 732 606.

1376 769 1429 776 --
1459 759 1538 801 per
1552 747 1750 802 argucias
1765 747 1976 801 populum
1989 745 2224 790 informant
2236 744 2336 792 467.
2390 717 2413 773 f
2460 729 2472 787 ζ’
2512 736 2513 739 ¹

1374 808 1546 845 —trum
1574 804 1804 845 mendacia
1832 805 1930 846 406.

1375 861 1567 901 —tribus
1597 860 1931 902 discredendum
1959 866 2026 904 est
2053 863 2151 905 464.

1373 917 1827 971 Pseudoloquencium
1854 918 1963 960 fides
1990 920 2089 963 276.

1374 973 1758 1028 Pseudopaparum
1800 975 1964 1017 factum
2005 989 2112 1018 num
2150 976 2339 1020 Gristum
2398 967 2402 993 ²
2471 979 2473 994 ⁴

1432 1031 1529 1072 464.

1373 1086 1822 1141 Pseudopredicantes
1858 1089 2162 1144 nigromantici
2181 1091 2337 1133 dicun-
2406 1110 2415 1149 χ,
2474 1114 2475 1118 =

1429 1149 1501 1185 tur
1530 1145 1627 1186 700.

1372 1201 1759 1255 Pseudoprophete
1788 1206 1890 1244 sunt
1915 1206 2035 1244 secte
2062 1203 2133 1246 29.

1373 1259 1605 1300 Publicare
1633 1259 1819 1299 verbum
1847 1258 1919 1300 dei
1949 1260 2046 1302 120.
2414 1265 2417 1273 ’

1374 1339 1430 1345 -
1460 1316 1591 1357 debet
1625 1315 1766 1356 fidelis
1802 1316 1934 1358 fidem
1960 1317 2172 1361 audacter
2195 1323 2244 1361 et
2268 1332 2339 1362 ca·
2410 1347 2413 1354 ι

1430 1373 1590 1414 tholice
1621 1374 1718 1414 399.

1373 1430 1572 1471 -canda
1602 1434 1669 1471 est
1697 1430 1846 1472 divina
1866 1431 2124 1472 sentencia'
2111 1445 2159 1472 111
2176 1432 2338 1488 populo
2408 1483 2410 1485 ,

1372 1515 1550 1586 Puellas
1578 1549 1848 1599 congregant
1875 1544 2031 1586 lubrici
2059 1546 2128 1588 55.

1373 1603 1539 1643 Pueros
1568 1602 1769 1642 furantur
1793 1605 1913 1643 secte
1940 1603 2038 1644 711.

1373 1659 1554 1714 Pugiles
1584 1658 1761 1712 dyaboli
1789 1659 1945 1700 fratres
1973 1660 2071 1702 218.

1375 1739 1426 1746 —
1461 1716 1533 1757 dei
1560 1716 1671 1771 legis
1700 1715 1853 1757 fideles
1883 1718 1953 1759 95.
2223 1733 2226 1735 ·
2399 1744 2405 1755 2

1373 1774 1532 1828 Pugna
1567 1786 1780 1827 paparum
1815 1774 1862 1814 in
1896 1774 2038 1816 veteri
2077 1779 2340 1821 testamento
2402 1788 2407 1793 ’

1434 1831 1684 1885 exemplata
1712 1831 1811 1872 464.
2400 1852 2402 1856 ·

1374 1911 1428 1917 —-
1458 1888 1692 1942 corporalis
1721 1889 2021 1943 episcoporum
2049 1889 2147 1931 219.

1374 1969 1427 1975 —
1458 1945 1693 2000 spiritualis
1721 1945 1996 1991 sacerdotum
2025 1947 2123 1989 626.

1374 2015 1485 2044 ——ne
1516 2007 1561 2044 et
1589 2002 1707 2044 bella
1735 2003 1933 2045 oriuntur
1961 2016 2017 2045 ex
2044 2003 2210 2045 artibus
2239 2016 2339 2046 con·
2404 2002 2408 2019 ²

1429 2060 1634 2101 federatis
1670 2061 1766 2101 229.

1374 2141 1430 2146 -
1459 2117 1730 2158 ballistarum
1760 2117 1858 2158 220.

1369 2175 1574 2229 Pugnare
1603 2175 1726 2215 licuit
1751 2173 2008 2229 patriarchis
2040 2175 2137 2217 628.

1369 2232 1426 2272 ad
1455 2232 1750 2287 Pugnandum
1784 2231 1911 2272 multi
1938 2232 2080 2286 parati
2106 2237 2210 2274 sunt
2237 2233 2335 2276 370.
2399 2240 2401 2242 ’

1369 2290 1643 2344 Pugnatores
1702 2293 1747 2330 et
1794 2289 1878 2330 viri
1924 2303 1945 2330 s

1427 2346 1549 2401 digni
1577 2346 1825 2387 sacerdocio
1855 2347 1954 2388 687.

1367 2404 1517 2444 Pullos
1546 2417 1647 2444 suos
1677 2403 1891 2456 dyabolus
1919 2403 1967 2444 in
1988 2405 2251 2447 monasterio
2271 2405 2334 2447 fo·
2400 2400 2416 2402 ’

1426 2465 1502 2502 vet
1531 2461 1628 2503 502.

1366 2518 1550 2559 Pulsare
1584 2521 1834 2559 constanter
1862 2522 1982 2559 secta
2010 2517 2143 2560 debet
2169 2523 2220 2560 ut
2246 2519 2334 2561 alie
2395 2509 2418 2531 '²

1424 2576 1471 2616 in
1499 2574 1696 2616 ordinem
1723 2588 1852 2616 suum
1878 2575 2093 2617 intrarent
2120 2577 2190 2618 59.
2391 2608 2394 2609 ν

1366 2633 1550 2674 Punicio
1587 2637 1806 2674 sectarum
1847 2632 2180 2675 misericorditer
2213 2633 2339 2675 adhi-
2400 2664 2402 2666 -

1423 2689 1570 2731 benda
1598 2694 1665 2731 est
1693 2691 1790 2731 336.

1368 2747 1422 2788 de
1481 2747 1734 2788 —cionibus
1790 2747 2124 2801 dampnatorum
2176 2747 2337 2790 salvati

1425 2804 1636 2859 gaudium
1663 2804 1829 2845 habent
1859 2803 1956 2846 331.

1365 2862 1499 2902 Punit
1527 2861 1636 2903 deus
1663 2862 1875 2916 populum
1901 2865 2078 2916 propter
2098 2862 2230 2903 unius
2260 2861 2334 2904 de·
2403 2895 2406 2898 ,

1424 2919 1627 2960 111611111111
1656 2920 1754 2960 326.
2400 2956 2401 2960 ,

1369 2977 1542 3017 —nitur
1569 2980 1845 3030 contemptus
1873 2976 2047 3030 spiritus
2074 2976 2215 3017 sancti
2234 2977 2333 3018 216.
2396 3029 2399 3031 .

1369 3034 1604 3074 —niuntur
1633 3033 1857 3087 dampnati
1885 3034 1980 3074 sine
2010 3033 2161 3081 ordine
2190 3035 2289 3076 453.

1367 3114 1421 3120 —
1451 3091 1644 3146 graviter
1678 3091 1851 3146 spiritus
1886 3091 1934 3131 in
1967 3090 2139 3133 inferno
2166 3090 2353 3144 detenti*
2407 3095 2413 3138 J

1367 3228 1420 3233 -
1451 3204 1668 3260 quomodo
1697 3209 1948 3259 peccatores
1978 3205 2076 3247 329.

1368 3285 1420 3290 -—
1452 3275 1479 3303 a
1508 3262 1590 3304 deo
1618 3262 1810 3303 irrisores
1840 3261 1912 3303 dei
1940 3263 2038 3304 335.

1365 3320 1568 3360 —nietur
1594 3323 1808 3373 perpetue
1836 3323 2041 3374 peccator
2067 3319 2116 3360 in
2133 3318 2334 3374 spiritum
2404 3320 2411 3324 “
2497 3315 2499 3331 ²

1423 3381 1623 3418 sanctum
1652 3378 1749 3417 329.

1364 3438 1414 3474 ut
1445 3434 1646 3475 —niatur
1672 3447 1786 3474 unus
1814 3446 1892 3495 pro
1921 3433 2089 3488 reliquo
2110 3433 2331 3475 ffioeonm

1424 3495 1490 3532 est
1519 3492 1615 3532 327.

2123 2303 2199 2332 um
2244 2303 2414 2351 nont?
