2528 4074
857 428 1160 469 GENERAL
1192 428 1413 470 INDEX.

103 578 271 622 Gristus
301 588 470 617 summe
508 574 701 629 paciens,
741 586 924 629 pauper,
955 572 1082 615 mini-

162 635 368 678 strativus
400 634 498 676 616.

67 737 71 743 ,
103 718 160 727 --
189 691 397 738 sustinuit
425 691 482 733 ab
510 689 763 737 infidelibus
802 690 1081 733 durissimam

135 756 138 759 ’
160 751 410 808 passionem
439 749 537 792 573.

46 831 49 834 ·
102 835 160 843 —
190 808 382 864 suscepit
426 807 574 850 omnia
611 819 778 863 genera
814 806 1081 850 infirmitatis

26 951 31 956 ·
63 970 70 973 ,
101 950 159 960 --
186 925 374 970 tacendo
402 927 601 966 reservat
628 923 943 979 paternitatem
982 926 1080 968 165.

103 1009 157 1018 -—
187 983 367 1028 tradidit
394 982 544 1038 legem
564 986 610 1024 et
630 981 825 1024 officium
845 983 936 1031 suis
956 983 1083 1026 disci-

41 1085 75 1138 ’5
101 1043 463 1156 -ῂΡιιιιιῙιΙῗνθὸΥζξέατί
490 1099 640 1155 legem
670 1099 825 1141 statuit
855 1101 927 1143 96.

26 1147 84 1239 ξ
101 1185 155 1192 -
185 1159 373 1204 variavit
401 1157 668 1200 vestimenta
698 1158 767 1200 27.

97 1243 157 1251 -
171 1219 302 1262 variis
316 1217 456 1260 modis
463 1216 699 1259 veritatem
707 1216 883 1260 locutus
898 1222 967 1260 est
981 1218 1081 1262 230.

99 1302 157 1310 —
185 1277 348 1320 veritas
379 1276 478 1318 353.

43 1350 46 1354 ·
83 1360 155 1370 ---
183 1335 346 1379 veritas
376 1339 423 1377 et
450 1334 612 1377 caritas
645 1335 742 1377 169.

29 1406 85 1438 aa
99 1418 151 1443 ⁴—
170 1394 403 1438 veritatem
411 1393 545 1436 variis
559 1393 700 1435 modis
708 1393 882 1436 locutus
897 1398 965 1436 est
980 1395 1080 1437 230.

96 1476 155 1501 τ·-
184 1466 315 1496 verus
344 1451 454 1494 deus
485 1457 530 1494 et
559 1465 691 1494 verus
720 1451 851 1495 homo
882 1454 955 1497 89.

35 1515 38 1518 ’
86 1528 155 1560 2—-
182 1525 315 1554 verus
345 1510 456 1553 deus
486 1515 532 1553 et
559 1523 692 1553 verus
717 1509 848 1554 homo
884 1511 1081 1567 omnipo-

20 1604 37 1613 „.
154 1575 266 1623 tens,
298 1569 563 1612 omnisciens
594 1574 639 1612 et
669 1570 947 1614 omnivolens
981 1573 1048 1614 14.

82 1652 153 1681 ,2-
181 1642 314 1672 verus
345 1628 454 1671 deus
484 1633 530 1671 et
560 1628 763 1671 dominus
802 1629 1080 1673 dominorum

91 1768 153 1779 -
181 1750 364 1789 vocatus
394 1746 479 1788 fuit
507 1745 793 1802 blasphemus
823 1747 921 1790 397.

89 1828 156 1839 -—
181 1805 310 1848 scivit
339 1809 385 1848 et
403 1805 546 1847 voluit
566 1805 796 1848 meliorem
814 1806 1079 1863 religionem

95 1894 108 1902 ³
145 1869 346 1907 statuere
376 1876 512 1919 quam
541 1864 705 1920 privati
733 1866 910 1920 patroni
941 1867 1009 1909 34.

15 1951 23 1965 .
179 1923 319 1965 voluit
347 1923 543 1979 torqueri
578 1937 656 1978 pro
694 1923 946 1967 hominibus
977 1927 1076 1969 461.

22 1977 27 2028 s
91 1999 151 2014 2-
179 1981 430 2024 voluntarie
458 1995 537 2038 pro
567 1982 752 2024 fratrum
789 1997 968 2026 suorum
998 1985 1078 2027 cri·

24 2039 32 2073 j
83 2087 86 2092 ,
150 2040 341 2083 minibus
371 2045 439 2083 est
467 2041 650 2097 punitus
681 2042 780 2084 330.

69 2125 99 2146 a
189 2098 327 2153 ydeas
386 2100 584 2142 omnium
633 2099 882 2143 fiendorum
940 2102 1077 2145 habet

80 2231 108 2265 ·j
149 2216 218 2259 'ti
247 2217 451 2259 acciones
482 2222 586 2260 sunt
615 2218 749 2274 plene
780 2219 947 2262 salubri
976 2233 1074 2263 sen-

0 2276 5 2324 }
89 2296 96 2302 -
145 2276 294 2318 tencia
324 2277 422 2319 709.

87 2364 89 2366 »
175 2339 221 2378 et
249 2334 548 2390 apostolorum
578 2335 790 2379 sanctitas
820 2338 888 2380 67.

0 2394 7 2446 ζ
90 2408 93 2410 ’
177 2393 376 2436 ascensio
411 2395 507 2436 147.

0 2456 11 2503 ξ
174 2456 298 2495 carta
326 2453 565 2508 preciosior
595 2466 730 2510 quam
765 2459 887 2497 carta
921 2454 1074 2497 huma-

95 2543 97 2546 .
142 2522 204 2554 na
235 2512 331 2554 136.

0 2570 6 2578 “
107 2579 122 2585 ”
173 2569 321 2613 clerici
350 2583 441 2612 non
471 2575 575 2613 sunt
605 2570 778 2613 ditandi
809 2572 909 2615 702.

0 2625 7 2654 ²
84 2658 87 2662 -
173 2628 356 2672 consilia
384 2628 581 2685 religiosi
609 2630 812 2673 moderni
841 2630 996 2674 dicunt
1025 2645 1073 2674 se

91 2720 93 2729 ,
145 2687 382 2730 observare
414 2688 513 2730 215.

82 2760 90 2769 ·
173 2746 479 2790 condicionem
509 2746 727 2801 dyabolus
757 2754 943 2804 usurpat
973 2750 1071 2792 328.

0 2819 11 2838 ι
85 2830 88 2834 ·
172 2805 361 2848 concilia
388 2805 649 2861 principalia
681 2807 779 2850 527.

86 2918 89 2921 .
173 2864 418 2907 communis
438 2864 595 2921 religio
616 2866 812 2908 securior
841 2866 998 2908 melior
1028 2871 1074 2909 et

0 2943 23 2971 .-
88 2956 89 2961 ,
145 2921 286 2966 levior
315 2935 452 2979 quam
480 2924 656 2979 privata
686 2925 786 2968 527.

0 3017 10 3034 ὲ
173 2995 331 3038 corpus
351 2986 418 3024 est
437 2981 484 3024 in
510 2983 721 3026 scrutinio
741 2983 942 3026 veritatis
973 2985 1071 3028 383.

0 3036 10 3093 ἱ
82 3065 91 3083 η
170 3039 296 3097 leges
324 3041 513 3084 miscent
539 3046 660 3084 secte
692 3043 762 3085 30.

0 3097 26 3162 ζ
101 3111 103 3113 ’
173 3099 340 3142 dictum
361 3099 417 3142 de
433 3098 634 3144 Scarioth
654 3115 764 3144 num
784 3101 952 3145 heresis
981 3115 1072 3144 ma-

0 3166 12 3201 's
75 3191 94 3208 .-
142 3157 304 3201 nifesta
335 3160 433 3201 364.
680 3175 683 3180 ¹

0 3216 13 3269 ’ξ
76 3238 85 3248 ⁴-
173 3216 299 3260 dictis
339 3217 624 3261 mendacium
662 3219 844 3262 minime
886 3219 1071 3275 imponi-

0 3274 12 3313 '3
92 3283 98 3313 ¹.
147 3279 220 3318 tur
250 3276 467 3319 397—98.

0 3324 29 3385 Ξ
75 3366 82 3391 5
155 3334 358 3378 ,dileccio
390 3336 466 3389 583
499 3335 601 3379 703.

0 3394 14 3429 T·
75 3415 78 3419 ⁴
173 3393 378 3449 discipuli
405 3393 627 3450 simplices
646 3394 799 3449 ydiote
830 3400 876 3438 et
904 3408 1071 3452 paupe-

0 3449 4 3491 ἓ
27 3470 33 3489 ;
78 3447 82 3454 “
145 3464 215 3494 res
237 3453 336 3496 686.

172 3510 378 3567 discipuli
405 3523 494 3554 non
525 3516 629 3554 sunt
656 3516 776 3554 secte
809 3512 878 3555 73.

84 3623 85 3626 ¹
173 3569 399 3625 discipulis
435 3570 736 3626 tranquillitas
774 3571 934 3614 mentis
965 3571 1071 3614 data

70 3630 74 3635 '
145 3633 212 3670 est
241 3629 341 3672 215.

2055 435 2158 483 741

1173 572 1303 614 Cristi
1334 573 1522 614 ecclesia
1552 574 1752 616 manebit
1781 587 1923 629 usque
1955 575 2012 616 ad
2041 575 2160 617 diem

1230 631 1383 672 iudicii
1415 633 1513 673 619.

1173 711 1227 718 —
1260 689 1450 731 ecclesia
1480 689 1659 744 quando
1683 689 1957 732 ordinacioni
1993 692 2162 733 confor-

1231 749 1343 789 mior
1373 749 1471 790 533.

1174 829 1228 836 —
1248 806 1438 848 ecclesia
1468 811 1556 848 stat
1583 807 1631 847 in
1658 807 1930 862 pauperibus
1956 805 2162 849 fidelibus

1174 947 1228 953 ——
1261 923 1623 966 excommunacio
1654 923 1815 966 forcior
1844 936 1980 979 quam
2009 924 2162 966 huma-

1231 995 1291 1024 na
1321 984 1420 1025 591.

1175 1064 1228 1071 —
1262 1041 1537 1096 exemplacio
1571 1042 1668 1084 145.

1173 1122 1229 1130 —-
1261 1100 1426 1142 facesia
1458 1100 1526 1144 78.

1175 1182 1227 1189 -
1260 1159 1380 1200 facta
1408 1173 1499 1200 non
1529 1164 1632 1201 sunt
1662 1159 1925 1215 corrigenda
1959 1162 2055 1202 191.

1173 1241 1228 1247 -
1259 1217 1398 1273 gladii
1428 1219 1526 1260 631.

1174 1299 1228 1306 -
1261 1276 1463 1331 graciosa
1493 1277 1651 1332 regula
1684 1277 1781 1319 140.

1174 1358 1228 1365 —
1260 1335 1518 1376 immediata
1547 1335 1706 1391 regula
1735 1349 1814 1391 pro
1846 1336 1935 1377 suis
1956 1335 2161 1378 fidelibus

1174 1476 1227 1482 —
1258 1452 1414 1508 iugum
1443 1452 1545 1494 leve
1578 1456 1623 1494 et
1653 1465 1792 1494 suave
1826 1453 1923 1495 304.

1171 1535 1226 1541 —
1258 1511 1350 1567 legi
1381 1511 1599 1553 contrarie
1619 1511 1767 1554 facere
1793 1525 1883 1553 non
1903 1511 2029 1553 licuit
2059 1512 2159 1555 249.

1172 1593 1225 1601 —
1256 1570 1332 1612 lex
1363 1583 1390 1611 a
1420 1570 1602 1625 prelatis
1632 1571 1962 1626 contempnitur
1993 1571 2091 1613 560.

1171 1652 1226 1659 —
1258 1629 1333 1671 lex
1362 1629 1476 1671 falsa
1507 1634 1552 1671 et
1580 1628 1855 1671 insufficiens
1887 1630 1985 1671 710.

1171 1709 1226 1718 -
1271 1687 1346 1730 lex
1391 1687 1523 1730 hodie
1568 1701 1734 1743 paucas
1784 1688 1980 1747 fautores
2025 1688 2162 1731 habet

1176 1829 1223 1835 —
1256 1805 1331 1847 lex
1362 1805 1519 1847 melior
1546 1805 1763 1862 religione
1793 1806 2010 1849 hodierna
2043 1808 2140 1850 139.

1170 1888 1223 1894 --
1256 1864 1331 1906 lex
1361 1864 1596 1919 multiplex
1627 1865 1724 1907 573.

1172 1946 1220 1954 —
1255 1923 1330 1964 lex
1359 1937 1450 1965 non
1480 1937 1561 1979 per
1590 1937 1637 1965 se
1669 1923 1895 1966 sufficiens
1932 1924 1990 1966 ad
2021 1925 2162 1967 eccle-

1225 1982 1336 2023 siam
1356 1981 1655 2038 regulandum
1687 1984 1785 2025 563.

1168 2065 1224 2072 —
1254 2041 1329 2082 lex
1359 2054 1440 2096 per
1469 2054 1516 2083 se
1549 2041 1774 2084 sufficiens
1807 2043 1904 2086 682.

1168 2124 1223 2131 -
1254 2100 1328 2141 lex
1349 2114 1429 2155 per
1449 2113 1496 2142 se
1519 2100 1744 2143 sufficiens
1777 2106 1822 2143 et
1851 2103 2051 2145 veritatis
2084 2103 2159 2146 de·

1225 2158 1364 2200 cisiva
1395 2160 1493 2202 606.

1167 2242 1220 2248 —
1252 2217 1327 2259 lex
1347 2218 1537 2273 precipit
1557 2218 1773 2275 aufugere
1796 2232 1823 2260 a
1843 2219 2052 2263 fratribus
2085 2222 2156 2265 78.

1169 2300 1217 2307 —
1253 2276 1561 2333 magnificacio
1592 2291 1672 2332 per
1703 2278 1942 2333 baptistam
1973 2281 2072 2323 299.

1166 2358 1220 2366 ·—
1252 2336 1528 2378 mendicacio
1563 2338 1659 2379 105.

1166 2419 1220 2425 —
1253 2395 1415 2436 milites
1445 2395 1640 2437 infantes
1669 2401 1773 2438 sunt
1805 2397 1901 2438 707.

1165 2478 1219 2484 —
1252 2453 1486 2509 multiplex
1515 2454 1591 2496 lex
1621 2455 1719 2497 592.

1165 2537 1220 2542 -
1251 2513 1417 2555 novicii
1452 2515 1546 2556 139.

1163 2595 1219 2602 —
1251 2572 1580 2627 omnipotencia
1611 2577 1656 2614 et
1685 2573 2001 2616 omnisciencia
2034 2574 2133 2617 712.

1165 2654 1215 2661 -
1252 2644 1388 2685 opera
1418 2631 1618 2686 perfecta
1649 2633 1717 2673 88.

1164 2713 1218 2720 —-
1251 2689 1475 2731 ordinacio
1507 2690 1605 2732 394.

1165 2771 1220 2778 —
1251 2748 1476 2790 ordinacio
1508 2748 1687 2804 dirupta
1717 2761 1744 2790 a
1774 2750 1905 2792 sectis
1939 2751 2037 2794 142.

1163 2831 1219 2837 -
1251 2807 1475 2849 ordinacio
1506 2821 1597 2850 non
1626 2807 1823 2863 prudens
1855 2810 1954 2852 560.

1163 2889 1218 2896 —
1250 2866 1415 2908 ordinis
1445 2867 1675 2908 sinceritas
1707 2868 1777 2909 61.

1165 2948 1219 2955 —
1251 2930 1296 2967 et
1324 2939 1441 2981 pape
1470 2926 1755 2968 conversacio
1786 2927 1884 2968 686.

1166 3008 1216 3014 —
1249 2985 1447 3039 perfecta
1479 2997 1615 3039 opera
1646 2986 1716 3027 88.

1163 3066 1218 3072 —
1251 3048 1296 3098 et
1325 3044 1449 3086 Petri
1476 3043 1739 3086 obediencia
1773 3046 1869 3087 101.

1127 3120 1129 3122 >
1163 3127 1216 3134 —
1248 3102 1573 3157 predestinacio
1618 3103 1786 3157 pendet
1823 3104 1869 3143 in
1915 3104 2152 3146 sanctitate

1219 3161 1311 3203 vite
1342 3174 1459 3216 pape
1493 3163 1590 3203 620.

1164 3244 1217 3249 -
1247 3220 1449 3275 primeva
1479 3220 1704 3262 ordinacio
1739 3222 1835 3262 145.

1161 3302 1221 3309 —
1248 3279 1406 3335 regula
1437 3279 1492 3320 de
1524 3280 1727 3321 omnibus
1759 3279 1884 3320 bonis
1917 3281 2015 3322 278.

1163 3362 1216 3366 —
1248 3338 1451 3394 regulam
1479 3337 1578 3393 plus
1599 3339 1845 3393 perfectam
1866 3344 1986 3381 secte
2007 3339 2152 3381 dimit-

1218 3401 1320 3438 tunt
1352 3398 1449 3439 712.

1163 3478 1216 3485 —
1248 3457 1404 3512 regule
1429 3455 1649 3510 proteccio
1681 3457 1780 3498 248.

1162 3537 1216 3544 -
1248 3515 1405 3571 religio
1444 3519 1511 3556 est
1547 3527 1727 3556 servare
1773 3518 1939 3556 statum
1975 3514 2149 3557 institu-

1218 3578 1313 3614 tum
1345 3586 1372 3615 a
1404 3572 1544 3615 Cristo
1576 3574 1675 3616 304.

1161 3654 1216 3661 —
1248 3632 1404 3689 religio
1437 3631 1613 3674 excedit
1642 3632 1842 3688 singulas
1872 3637 2016 3674 sectas
2047 3634 2118 3676 34.
