2528 4074
127 434 221 474 cap.
253 416 349 473 11⁷]
399 409 402 413 '
442 418 534 458 DE
562 414 1091 458 CONTRARIEPATE
1120 413 1295 454 DUOR
1307 414 1399 453 ΠΜ
1425 412 1725 453 DOMINOR
1737 412 1838 452 ΠΜ.
2059 417 2161 464 703

183 600 186 601 ν
273 568 467 634 Arguit
513 566 650 618 enim
702 582 769 615 ex
820 563 1109 613 iuramento
1164 569 1216 613 et
1266 561 1368 611 fide
1415 561 1775 611 elemosinaria
1822 560 2162 619 dominorum,

130 658 268 725 quod
305 672 513 707 necesse
552 659 643 714 est,
681 652 819 717 ipsos
858 667 1064 702 servare
1098 657 1326 716 pactum,
1369 649 1507 715 quod
1534 666 1651 698 cum
1679 648 1816 698 clero
1843 647 2165 714 pepigerant,

87 747 89 750 ’
131 745 252 811 quia
290 744 454 803 aliter,
495 749 553 791 ut
588 740 751 805 fingit,
791 738 963 789 forent
1001 738 1291 788 animarum
1317 754 1526 787 suorum
1565 735 1954 801 progenitorum
1991 735 2169 785 infide-

0 898 5 900 ·
131 831 310 882 lissimi
348 829 650 896 proditores,
692 844 762 877 ac>
793 827 835 878 si
860 826 1284 893 blasphemarent
1308 824 1362 874 in
1390 822 1633 885 Cristum,
1676 823 1815 890 quod
1853 823 1964 889 ipse
1989 822 2172 872 fuisset

44 958 49 964 .
90 921 184 970 5in
223 926 333 969 arte
372 915 582 968 amandi
619 915 951 966 stultissimus
989 922 1042 966 et
1078 915 1329 980 ingratus.
1408 910 1580 973 Cane,
1620 912 1884 979 inquiunt,
1929 927 2172 962 concesse

133 1008 197 1058 de
234 1011 486 1072 perpetua
525 1003 807 1055 elemosina
845 1010 966 1054 sunt
1001 1002 1279 1069 implendo.
1362 1000 1467 1052 Sed
1505 1000 1644 1050 idem
1684 1007 1762 1051 est
1785 1006 2173 1066 procuratorem

0 1084 39 1139 ῗ
133 1093 343 1162 dyaboli
381 1093 452 1143 sic
491 1105 730 1158 arguere,
770 1109 844 1143 vac
883 1092 925 1142 si
961 1091 1258 1152 intenderit,
1310 1090 1352 1140 si
1391 1090 1503 1157 quis
1541 1088 1803 1150 iuraverit,
1846 1106 1900 1139 se
1939 1087 2175 1139 occidere

131 1183 343 1232 fratrem
381 1198 531 1232 suum
577 1180 662 1232 vel
702 1179 912 1247 aliquod
965 1179 1168 1230 facinus
1214 1196 1308 1245 pro
1354 1185 1502 1244 parte
1545 1177 1758 1244 dyaboli
1796 1184 1976 1228 contra
2015 1175 2175 1226 domi-

0 1253 52 1322 ῗέὲ
133 1288 257 1320 num
282 1275 595 1335 perpetrare,
638 1286 704 1318 ex
741 1268 843 1319 fide
882 1285 976 1318 sua
1015 1267 1080 1318 de
1119 1267 1373 1318 servando
1400 1267 1747 1316 iuramentum
1782 1271 2003 1325 tenetur,
2044 1263 2177 1312 illud

32 1340 119 1422 ΞΜ)
133 1357 335 1408 facinus
374 1356 674 1422 adimplere.
751 1356 824 1407 Et
861 1356 933 1407 sic
971 1355 1180 1406 racione
1220 1354 1432 1421 dyaboli
1457 1360 1663 1405 tenetur
1688 1370 1899 1404 manere
1925 1357 2176 1419 perpetuo

27 1425 62 1521 3}
133 1445 186 1495 in
225 1462 315 1495 suo
355 1445 568 1495 crimine
608 1451 788 1495 contra
826 1442 1068 1494 Cristum.
1560 1452 1563 1455 '

281 1531 387 1583 Sed
425 1533 537 1599 quis
575 1532 742 1583 fidelis
779 1551 885 1584 non
925 1531 1251 1583 erubesceret
1287 1532 1440 1583 istam
1480 1531 1763 1597 arguciam,
1806 1547 1924 1581 cum
1956 1527 2179 1578 fideliter

60 1648 65 1653 =
133 1620 386 1676 inferatur
411 1621 719 1687 oppositum,
749 1619 1007 1671 subducta
1028 1620 1405 1686 philomantica
1425 1627 1534 1670 arte
1559 1618 1788 1669 infideli?
1828 1616 1986 1668 Unde
2013 1633 2178 1667 ewan-

20 1711 23 1713 ’
66 1719 101 1727 ”
135 1707 322 1774 gelista
348 1713 368 1767 ΙΙ
396 1709 549 1760 docet
584 1709 639 1759 in
676 1710 779 1760 fine
817 1726 907 1760 sue
931 1709 1090 1759 tercie
1118 1709 1334 1775 epistole
1359 1708 1491 1759 filios
1525 1725 1643 1758 suos
1670 1706 1961 1757 carissimos
1987 1721 2020 1754 a
2043 1703 2178 1753 filar-
2201 1705 2308 1750 ΙΙΑεὴ
2324 1706 2475 1747 fol-45²²

66 1790 73 1817 ³
95 1800 120 1840 5
135 1796 266 1862 giria
291 1793 618 1863 precavereb,
650 1798 748 1848 hoc
777 1804 855 1848 est
880 1796 946 1848 ab
974 1815 1148 1848 amore
1173 1797 1356 1847 illicito
1382 1804 1719 1847 terrenorum.
1772 1793 1972 1844 Cristus
2006 1798 2181 1843 autem

138 1901 204 1934 ex
240 1884 342 1935 fide
381 1885 534 1936 docet
570 1892 735 1937 artem
775 1886 987 1937 amandi
1012 1885 1460 1953 perfectissimam.
1525 1884 1648 1951 Ipse
1688 1890 1863 1934 autem
1903 1882 2030 1932 dicit
2067 1880 2179 1930 Ioh.

31 2036 47 2048 „
141 1976 257 2023 13⁰:
299 1973 604 2025 mandatum
630 1992 824 2026 novum
865 1974 930 2025 do
970 1974 1133 2037 vobis,
1175 1982 1234 2025 ut
1272 1974 1503 2040 diligatis
1540 1974 1781 2034 invicem,
1823 1971 1958 2022 sicut
1997 1977 2049 2021 et
2087 1986 2183 2034 ego

14 2132 18 2134 v
139 2061 300 2112 dilexi
338 2080 446 2124 VOS,
487 2069 546 2112 ut
583 2069 635 2113 et
671 2080 765 2114 vos
805 2062 1034 2129 diligatis
1072 2063 1312 2124 invicem,
1370 2063 1518 2130 quasi
1565 2062 1781 2112 diceret:
1831 2060 1930 2110 hoc
1969 2056 2183 2108 manda-

48 2148 67 2217 ἷ-
137 2156 248 2200 tum
276 2150 340 2201 de
380 2151 666 2202 dileccione
705 2151 771 2202 do
803 2150 951 2203 vobis
977 2151 1195 2214 noviter,
1237 2159 1296 2202 ut
1333 2170 1426 2203 vos
1462 2150 1692 2217 diligatis
1733 2149 1802 2201 ad
1827 2148 2066 2208 invicem,
2111 2163 2184 2196 se-

42 2294 57 2319 ᾗ,
97 2239 367 2290 Ocundum
405 2239 641 2302 formam,
683 2257 786 2307 qua
825 2257 920 2306 ego
961 2239 1120 2306 diligo
1160 2240 1423 2307 apostolos
1462 2257 1625 2301 meOS,
1668 2256 1824 2306 quam
1864 2254 1959 2302 ego
1998 2234 2187 2303 practi-

139 2329 253 2380 zavi
290 2329 344 2378 in
381 2329 485 2380 illis
522 2335 632 2380 tam
671 2346 826 2396 opere
880 2345 1036 2397 quam
1083 2346 1334 2380 sermone.
1411 2327 1585 2379 Aliter
1624 2328 1762 2379 enim
1802 2343 1906 2377 non
1945 2331 2022 2375 est
2060 2341 2186 2375 vera

140 2416 371 2478 dilecciO,
413 2416 505 2467 sed
543 2417 719 2468 odium'
755 2416 1204 2484 philomanticum,
1247 2418 1386 2485 quod
1425 2416 1681 2484 dyabolus
1719 2413 2023 2466 introduxit.

288 2505 370 2556 De
409 2505 694 2557 dileccione
733 2511 908 2556 autem
936 2503 1093 2556 Cristi
1131 2505 1353 2572 legimus
1383 2505 1573 2556 Matth.
1612 2499 1732 2566 200³,
1775 2503 1914 2571 quod
1953 2503 2065 2569 ipse
2104 2518 2189 2551 ne·

142 2594 288 2659 gavit
327 2594 560 2660 cognatis
599 2594 703 2645 suis
743 2593 863 2645 filiis
902 2593 1127 2645 Zebedei
1175 2595 1456 2662 primatum
1510 2593 1858 2654 mundanum,
1915 2598 1974 2641 ut
2011 2589 2192 2640 sedere

28 2708 30 2710 ’
63 2684 126 2723 *³
144 2683 212 2733 ad
251 2683 489 2734 dextram
528 2700 675 2733 suam
715 2690 767 2733 et
805 2683 1082 2745 sinistram,
1125 2683 1216 2734 sed
1244 2683 1499 2734 concessit
1525 2683 1597 2733 eis
1632 2687 1998 2749 paupertatem
2025 2695 2191 2730 ewan-

75 2791 78 2802 ²
143 2771 365 2838 gelicam
418 2777 471 2822 et
514 2771 679 2823 instar
731 2772 811 2822 sui
849 2771 1029 2822 bibere
1067 2772 1379 2839 passionem.
1458 2769 1715 2831 Calicem,
1758 2768 1970 2837 inquite,
2019 2784 2194 2817 meum

144 2859 348 2911 bibetis.
425 2859 498 2910 Et
533 2860 620 2912 vel
659 2867 863 2927 oportet
901 2860 1207 2922 concedere,
1259 2859 1396 2928 quod
1437 2858 1637 2910 Cristus
1676 2858 1777 2908 fuit
1813 2858 2050 2923 ingratus
2089 2854 2195 2906 suis

83 2947 86 2951 ’
147 2948 382 3015 cognatis
419 2947 506 2999 vel
551 2948 831 3015 impotenS,
887 2949 973 3001 vel
1019 2967 1086 3000 ex
1125 2949 1421 3000 sinceritate
1468 2947 1657 2999 amoris
1710 2947 1815 2997 illis
1870 2949 2198 2996 concesserat

146 3035 287 3087 istud
324 3035 533 3087 bonum.
610 3037 737 3088 Ideo
777 3037 1039 3106 sequendo
1079 3055 1307 3088 amorem
1345 3036 1517 3098 Cristi,
1567 3043 1626 3086 ut
1664 3034 1884 3103 quilibet
1922 3033 2196 3084 cristianus

38 3149 69 3190 31³
107 3125 354 3175 Otenetur
391 3142 457 3175 ex
490 3125 613 3187 fide,
668 3125 822 3177 factis
861 3126 1017 3176 cartis
1054 3125 1248 3176 talibus
1286 3126 1373 3178 vel
1409 3124 1714 3176 iuramentis
1758 3122 1954 3173 illicitis
1992 3126 2199 3171 tenetur

18 3202 73 3266 s,
150 3213 316 3264 fidelis
354 3213 470 3280 ipsa
506 3212 815 3265 festinanter
853 3213 1174 3280 disrumpere
1214 3222 1266 3265 et
1302 3214 1407 3280 legi
1446 3214 1642 3265 domini
1680 3211 1906 3263 obedire.

299 3299 457 3352 Carte
503 3302 639 3352 enim
676 3302 775 3353 iste
812 3302 1047 3352 infideles
1094 3319 1199 3352 non
1237 3310 1358 3352 sunt
1396 3301 1761 3368 ewangelium,
1819 3300 1910 3351 sed
1957 3303 2200 3364 patenter

151 3388 378 3440 heretice
432 3396 612 3440 contra
662 3390 848 3457 ipsum.
926 3390 1053 3441 Ideo
1107 3390 1150 3441 si
1201 3391 1489 3442 secundum
1543 3390 1713 3456 legem
1759 3389 2046 3439 humanam
2095 3403 2200 3436 non

518 3577 535 3602 ¹³
567 3581 634 3620 the
654 3581 869 3633 quotation
890 3581 925 3621 is
943 3583 1016 3621 not
1030 3584 1241 3628 accurate,
1257 3595 1320 3634 cp.
1339 3580 1461 3621 Lulce
1479 3583 1546 3628 12,
1566 3583 1617 3621 15
1708 3582 1724 3601 ⁰
1756 3594 1789 3620 υ.
1812 3582 1867 3621 34
1958 3573 1980 3599 ‘³
2010 3592 2045 3618 v.
2071 3579 2122 3617 21
2148 3575 2199 3631 ff.

447 3657 462 3676 ⁶
493 3654 573 3707 vyl.
596 3654 753 3694 Matth.
776 3657 846 3702 ⁶20,
867 3657 922 3695 22
