2528 4074
380 384 481 432 802

377 523 532 564 Petrus
562 526 606 563 et
641 521 774 562 ceteri
810 521 995 575 apostoli
1028 534 1116 561 non
1162 522 1339 562 fuerunt

436 580 541 620 moti
568 578 625 620 ad
645 578 936 619 exercendum
963 577 1156 633 gladium
1175 583 1338 632 tempo-

434 637 570 678 ralem
600 637 698 677 288.

380 716 433 723 —
464 693 617 734 melior
646 692 728 733 fuit
756 692 948 746 patronis
978 697 1194 732 sectarum
1221 693 1317 734 364.

380 775 431 780 —
462 750 662 805 peccavit
677 754 826 790 contra
845 749 1090 790 libertatem
1108 749 1339 804 ewangelii

438 809 533 850 670.

1121 379 1419 420 GENERAL
1449 380 1664 420 INDEX.

1424 521 1720 562 Philomancie
1752 520 2016 574 etymologia
2046 521 2143 562 700.

1423 578 1667 632 Philocapti
1695 577 1893 619 moderni
1920 577 2100 618 frontosi
2127 581 2229 618 sunt
2257 578 2354 620 664.

1423 635 1674 689 Philosophi
1704 635 1758 676 de
1787 634 2040 676 fortitudine
2069 635 2167 676 217.
2246 666 2248 669 v

1424 692 1617 733 Pictacie
1647 691 1891 733 adulterine
1920 693 1990 733 44.

1425 772 1481 779 —
1510 749 1789 802 superaddite
1818 749 1946 790 sectis
1979 749 2073 790 144.

1427 829 1479 836 —
1510 805 1771 860 religionum
1799 819 2012 848 novarum
2040 806 2137 847 223.

381 888 431 894 —
463 878 553 905 non
582 864 725 904 fuerat
759 863 947 904 vicarius
979 862 1105 903 Cristi
1141 863 1187 902 in
1215 863 1339 903 terris
1425 863 1572 904 Pietas
1602 863 1848 904 exercenda
1885 867 1952 905 est
1985 863 2033 904 in
2067 863 2194 905 novis
2232 861 2388 904 ordini-

380 1002 435 1008 —
466 977 713 1032 aliqualiter
741 975 888 1016 firmus
916 976 963 1015 in
991 975 1078 1016 fide
1109 977 1204 1018 668.

384 1058 431 1065 —-
464 1034 786 1089 prerogativam
815 1033 967 1074 habuit
996 1034 1091 1073 668.

381 1115 434 1122 --
464 1096 560 1146 post
589 1091 739 1144 culpas
766 1102 866 1130 suas
886 1089 1146 1143 multiplices
1175 1089 1341 1144 penite-

439 1150 514 1190 bat
545 1149 641 1189 670.

383 1229 436 1235 -
466 1205 666 1259 peccavit
696 1205 791 1245 668.

382 1286 433 1292 —
464 1267 593 1303 vocat
622 1266 762 1303 sectas
791 1261 1050 1315 perdicionis
1081 1261 1149 1302 30.

382 1344 434 1349 -
466 1324 511 1361 et
530 1319 655 1360 multi
674 1319 813 1360 sancti
833 1319 1026 1373 graviter
1046 1322 1343 1372 peccaverunt

437 1390 493 1418 ex
526 1377 622 1418 176.

380 1434 500 1475 Petri
530 1433 798 1475 excellencia
826 1445 956 1486 supra
989 1432 1097 1474 alios
1127 1432 1343 1486 apostolos

439 1491 510 1532 dei
541 1491 690 1549 gracia
720 1494 813 1530 erat
843 1491 940 1531 668.

383 1571 436 1578 -
466 1553 657 1602 potestas
687 1544 819 1600 supr'a
847 1546 1063 1600 apostolos
1094 1548 1190 1588 665.

383 1629 435 1634 —
467 1610 512 1646 et
540 1604 667 1645 Pauli
696 1604 786 1644 vite
816 1604 1053 1658 approbate
1085 1604 1182 1645 517.

383 1686 435 1692 —
466 1663 552 1703 duo
583 1661 719 1716 gladii
749 1662 846 1702 287.
970 1687 976 1690 -

382 1744 434 1748 —
465 1719 550 1760 tria
578 1718 755 1759 nomina
786 1719 881 1759 663.

383 1798 436 1803 —
466 1775 745 1831 prerogativa
775 1777 870 1816 665.

382 1857 436 1863 —-
467 1833 757 1875 excellencior
784 1833 986 1886 potencia
1017 1833 1113 1875 667.

381 1892 512 1932 Petro
541 1890 705 1931 Paulus
734 1890 894 1930 restitit
922 1891 1019 1931 668.

383 1972 436 1977 -
466 1948 652 1988 Iacobus
684 1947 924 1987 antefertur
954 1948 1050 1988 668.
1083 1948 1090 1951 ”

382 2007 562 2046 Petrum
590 2009 750 2046 vocant
779 2004 915 2058 aliqui
942 2017 1103 2058 papam
1134 2005 1230 2045 671.

382 2085 440 2161 ᾖ
467 2062 772 2161 ἓὲἵίἲέξρῗὲἓ
800 2061 1346 2160 ss‘ssffluffigfflfff'ms.

383 2177 616 2218 Phariseus
646 2176 810 2216 Paulus
839 2176 923 2216 fuit
955 2177 1049 2217 174.
1350 2180 1352 2182 ’

384 2258 437 2264 -—
459 2247 506 2275 se
520 2238 696 2288 reputat
701 2233 941 2287 principem
950 2238 1104 2287 quarte
1120 2231 1142 2274 s‘
1146 2238 1240 2275 ecte
1250 2234 1347 2275 264.

385 2314 439 2321 -
470 2291 524 2332 de
557 2290 707 2332 ordine
738 2290 1004 2343 dyaconatus
1031 2291 1227 2332 raciones
1246 2291 1350 2332 facit

387 2429 439 2435 -
469 2404 711 2446 secundum
746 2405 1030 2446 certissimam
1067 2409 1232 2446 sectam
1270 2417 1348 2446 sue

441 2462 662 2517 religionis
691 2462 801 2503 vixit
836 2463 932 2503 502.

386 2520 543 2560 ——risei
574 2520 621 2559 in
649 2519 742 2560 vita
770 2519 852 2560 sibi
880 2520 1083 2561 contrarii
1115 2520 1209 2561 126.

387 2601 440 2607 -
471 2590 560 2618 non
589 2577 809 2617 salutandi
837 2578 932 2618 126.

386 2657 441 2664 —
472 2646 607 2687 quare
655 2633 902 2674 rudimenta
949 2634 1052 2675 fidei
1094 2634 1256 2688 populo
1304 2634 1351 2674 in

444 2691 615 2745 anglico
645 2690 861 2744 predicari
887 2691 1056 2732 nollent
1088 2692 1182 2732 126.

388 2827 441 2832 -
472 2805 675 2846 contrarii
702 2805 792 2860 legi
823 2804 951 2846 Cristi
980 2807 1077 2846 353.

387 2886 442 2892 —
472 2866 736 2903 cecaverunt
765 2862 995 2903 ecclesiam
1024 2863 1121 2904 258.

388 2920 653 2960 -riseorum
682 2931 889 2973 personas
921 2919 1083 2960 Cristus
1114 2919 1266 2961 dilexit
1295 2919 1352 2960 ad

445 2976 762 3017 beatitudinem
794 2977 888 3018 174.

387 3057 443 3063 —
474 3033 637 3074 celacio
667 3034 713 3073 in
742 3034 883 3075 veteri
910 3037 1172 3074 testamento
1206 3034 1300 3074 175.

389 3114 442 3121 -
463 3095 627 3132 sectam
636 3090 799 3131 Cristus
808 3090 1020 3132 destruxit
1027 3090 1251 3145 paulative
1257 3091 1276 3130 1
1284 3092 1350 3132 74.

390 3147 567 3188 -riseis
610 3147 716 3201 quid
758 3148 1040 3202 probabiliter
1077 3148 1352 3189 inferendum

446 3205 501 3245 sit
531 3217 587 3245 ex
613 3204 826 3259 decalogo
860 3206 955 3247 126.

386 3261 445 3302 de
475 3284 530 3291 -
559 3262 823 3303 Nicodemus
851 3263 934 3303 fuit
970 3263 1064 3304 174.

389 3318 580 3416 P—hriilseos
609 3319 827 3418 ypocfflsss
855 3320 1070 3375 corrigere
1101 3321 1197 3361 334.

490 3388 688 3416 omancla
805 3408 814 3418 .

390 3451 446 3463 «-
477 3437 522 3473 et
563 3433 860 3487 nigromancia
908 3446 935 3475 a
977 3433 1180 3475 fratribus
1223 3434 1353 3475 intro-

451 3489 580 3530 ducte
612 3491 708 3532 700.

1482 920 1564 960 bus
1593 920 1690 960 225.

1428 999 1480 1005 —
1510 980 1692 1017 vocatur
1719 976 1912 1018 tribuere
1948 977 2206 1032 temporalia
2243 976 2389 1018 convi-
2460 978 2462 982 ’
2492 975 2500 1022 Ᾰ

1482 1033 1605 1074 venti
1634 1033 1733 1073 224.

1428 1090 1586 1130 —tatis
1615 1089 1808 1143 speciem
1836 1089 2001 1131 habent
2028 1095 2145 1132 secte
2174 1091 2244 1133 43.

1429 1170 1482 1176 —
1512 1146 1743 1188 veritatem
1772 1150 1890 1188 secte
1919 1152 2086 1201 negant
2113 1149 2182 1190 43.

1429 1227 1481 1233 —
1514 1203 1690 1254 donum,
1721 1203 1826 1257 quid
1854 1207 1922 1245 est
1950 1205 2047 1246 223.

1429 1265 1623 1302 —tatem
1663 1260 1856 1302 debitam
1889 1260 1947 1302 ad
1979 1265 2177 1303 sanctam
2208 1266 2392 1304 matrem
2466 1251 2486 1315 'j

1486 1318 1715 1359 ecclesiam
1743 1331 1832 1359 non
1861 1317 2026 1359 habent
2053 1323 2175 1360 secte
2201 1319 2270 1361 44.

1430 1375 1483 1416 de
1513 1375 1755 1416 Pinnaculo
1786 1375 2052 1417 descendere
2081 1376 2177 1418 141.

1428 1432 1547 1474 Pixis
1576 1432 1794 1474 mendacii
1823 1437 1889 1474 est
1907 1433 2186 1487 superfluitas
2205 1434 2394 1476 vestium
2474 1447 2485 1457 ”

1429 1491 1587 1587 plffisse
1617 1546 1795 1601 fragiles
1827 1547 1923 1588 146.

1430 1604 1585 1645 Plebei
1598 1616 1815 1658 pauperes
1822 1604 2310 1659 spolianturperfratres
2325 1607 2394 1648 69.
2457 1570 2495 1657 U}

1433 1662 1671 1702 -beorum
1699 1661 1940 1715 temporale
1970 1661 2210 1716 dampnum
2241 1663 2338 1704 196.

1433 1719 1594 1759 —beos
1624 1718 1779 1759 fratres
1809 1719 1975 1760 ducunt
2001 1719 2050 1760 in
2081 1719 2270 1761 heresim
2299 1720 2396 1762 710.
2456 1734 2463 1753 ‘2

1431 1775 1563 1816 Plebs
1595 1780 1698 1830 eget
1715 1776 1762 1816 in
1781 1780 1977 1830 argento,
2007 1789 2115 1818 auro
2138 1781 2185 1819 et
2201 1777 2397 1820 vestibus
2462 1776 2468 1795 ³

1489 1846 1567 1886 pro
1597 1845 1644 1874 se
1675 1837 1720 1874 et
1747 1833 2033 1875 familiaribus
2062 1835 2131 1877 21.

1431 1890 1638 1931 Plenaria
1667 1890 1887 1932 absolucio
1917 1891 2016 1933 462.

1433 1947 1666 1988 Plenitudo
1694 1947 1806 2002 legis
1836 1952 1902 1989 est
1930 1948 2112 1992 dileccio
2143 1949 2244 1992 119.

1433 2005 1597 2045 Plenus
1627 2017 1779 2046 sensus
1811 2005 1975 2046 domini
2015 2006 2112 2048 129.

1433 2062 1588 2102 Plures
1617 2062 1723 2117 gula
1753 2062 1909 2103 occidit
1937 2074 2071 2117 quam
2096 2062 2271 2118 gladius
2301 2064 2398 2106 135.

1433 2119 1617 2160 Plurimi
1660 2119 1887 2161 offendunt
1928 2120 1976 2161 in
2010 2121 2246 2175 septimum
2279 2133 2400 2162 man·
2461 2143 2465 2179 2

1492 2177 1643 2217 datum
1672 2177 1863 2218 secunde
1890 2178 2042 2219 tabule
2074 2177 2170 2220 122.

1433 2234 1592 2274 Pluvia
1621 2234 1871 2275 voluntaria
1900 2247 2015 2289 aque
2043 2235 2264 2290 sapiencie
2293 2235 2362 2278 71.

1436 2291 1610 2332 —viam
1641 2291 1749 2332 deus
1779 2292 2000 2346 sapienter
2028 2291 2106 2334 dat
2133 2293 2232 2334 272.

1435 2371 1490 2377 -
1520 2348 1739 2402 sapiencie
1769 2349 2015 2391 sacerdotes
2045 2349 2208 2392 debent
2236 2350 2398 2405 populo
2495 2353 2498 2374 ¹

1492 2405 1714 2446 destillare
1745 2407 1812 2447 71.

1436 2463 1587 2503 —vias
1617 2463 1700 2504 celi
1730 2468 1832 2505 ante
1862 2463 2026 2506 Oristus
2056 2463 2241 2506 effundit
2271 2466 2366 2506 133.
2495 2498 2498 2518 5

1434 2520 1630 2561 Pollucio
1660 2521 1893 2575 corporalis
1928 2521 2212 2576 impertinens
2243 2521 2401 2564 sancti-
2461 2526 2466 2532 ’

1434 2579 1851 2734 Ροΐιὲεἷῗιέἰθτίω.
1868 2635 1951 2677 toti
1969 2648 2107 2690 regno
2121 2635 2282 2691 Anglie
2297 2649 2400 2682 one·
2451 2667 2453 2671 <

1492 2704 1591 2732 rosa
1709 2723 1720 2735 .

1435 2749 1883 2848 Pofrliutitfeg5gomanus
1927 2749 2118 2792 crebrius
2153 2750 2400 2792 anticristus
2452 2743 2453 2748 ¹
2502 2767 2503 2770 ¹

1437 2863 1564 2904 —fici
1582 2876 1763 2905 romano
1778 2864 1931 2906 fideles
1947 2863 2294 2906 contradicerent
2301 2865 2398 2908 670.
2449 2890 2453 2891 ν

1438 2920 1621 2962 —ficem
1663 2934 1891 2963 romanum
1935 2921 2056 2963 adire
2091 2935 2182 2963 non
2218 2934 2400 2964 necesse
2450 2931 2456 2947 ³

1435 2979 1724 3089 Poffilffigus
1739 3035 1980 3077 sancciores
1994 3049 2084 3077 non
2094 3040 2213 3078 secte
2220 3040 2324 3078 sunt
2331 3037 2398 3078 31.
2443 3013 2453 3036 ’Κ

1435 3092 1628 3146 Populus
1673 3093 1869 3134 desertus
1913 3092 2059 3134 deficit
2100 3093 2149 3134 in
2185 3093 2401 3148 spirituali
2438 3092 2444 3130 ’.

1494 3154 1666 3203 pastore
1699 3151 1794 3191 134.
2443 3155 2445 3158 ’

1437 3228 1491 3235 -
1522 3220 1612 3247 non
1642 3211 1708 3248 est
1736 3219 1907 3261 semper
1941 3210 2120 3261 paratus
2162 3206 2220 3247 ad
2255 3207 2400 3249 confe-
2435 3227 2444 3239 ⁴·

1495 3264 1678 3306 rendum
1706 3264 1946 3318 temporale
1976 3263 2215 3305 subsidium
2245 3265 2342 3306 197.

1438 3344 1492 3350 —
1522 3321 1775 3376 ignorancia
1802 3322 1850 3361 in
1884 3322 2027 3363 verbis
2064 3322 2246 3363 fratrum
2278 3325 2400 3364 tene·
2443 3370 2448 3375 .
2495 3343 2504 3370 ,ε

1495 3379 1644 3419 bratur
1672 3379 1770 3420 467.

1440 3457 1492 3464 —
1523 3435 1731 3489 spoliatus
1768 3449 1847 3489 per
1884 3436 2038 3476 fratres
2075 3448 2102 3476 a
2137 3434 2326 3490 pecunia
2355 3439 2400 3476 et
2448 3455 2461 3479 η
2499 3449 2503 3491 j

1453 3526 1459 3531 s.
1494 3493 1690 3546 personis
1729 3493 1826 3534 464.
