2528 4074
317 387 418 435 786

308 526 448 566 Nocet
490 535 605 578 papa
647 523 852 577 proximis
894 522 940 562 in
976 521 1271 576 spiritualibus

367 587 412 623 et
438 580 748 635 temporalibus
782 581 875 621 129.

312 644 468 680 -cent
498 638 661 679 domini
690 638 771 678 sibi
799 637 902 691 ipsis
932 638 1027 678 247.

312 719 363 725 —
395 695 478 737 sibi
505 695 814 736 insensibiliter
835 694 1045 735 anticristi
1075 693 1274 748 discipuli

311 810 476 851 Nocive
507 814 552 851 et
582 809 797 863 superfluo
825 812 942 849 secte
974 812 1075 848 sunt
1105 809 1200 849 353.

314 890 367 898 —
398 872 516 908 secte
547 867 709 907 debent
739 865 902 906 destrui
932 866 1028 906 353.

312 924 465 965 —vius
502 923 619 978 quod
656 927 722 963 est
758 922 835 963 uni
874 926 939 962 est
969 922 1095 963 alteri
1124 921 1274 962 utilius

310 1012 494 1079 Noctem
525 1042 569 1078 et
597 1037 713 1077 diem
743 1035 979 1076 alternavit
1005 1035 1112 1076 deus
1142 1035 1274 1076 homi-

367 1095 435 1135 nis
465 1107 597 1135 causa
627 1095 723 1135 343.

310 1153 632 1193 Noeumentum
650 1151 715 1191 rei
733 1150 907 1204 publice
927 1163 1072 1191 muros
1101 1162 1275 1203 serpen-

368 1214 435 1249 tes
464 1213 509 1249 et
538 1208 614 1249 alii
642 1207 835 1248 inferunt
865 1209 960 1248 353.

311 1265 462 1307 Noluit
492 1265 599 1306 deus
629 1265 875 1306 sacerdotes
913 1278 1013 1305 suos
1043 1278 1141 1306 cum
1172 1276 1278 1305 cura

367 1323 672 1377 temporalium
701 1322 903 1376 occupari
933 1324 1030 1363 563.

311 1381 483 1422 Nomen
513 1380 665 1434 capitis
703 1380 887 1421 ecclesie
919 1379 1057 1421 Oristo
1095 1392 1122 1420 a
1158 1379 1276 1419 trini-

368 1442 459 1479 tate
489 1442 758 1479 reservatum
789 1442 855 1478 est
885 1438 981 1478 664.

313 1518 367 1525 —-
397 1495 594 1549 accipere
624 1494 816 1535 cristiani
846 1499 891 1536 et
919 1508 1007 1535 non
1036 1494 1162 1548 sequi
1189 1493 1276 1534 Cri-

369 1557 484 1593 stum
516 1553 610 1593 120.

316 1632 369 1639 -
400 1609 472 1650 dei
500 1622 720 1650 assumere
750 1609 795 1649 in
825 1621 990 1649 vanum
1022 1609 1118 1650 118.

314 1690 368 1696 -
400 1667 587 1707 ‘’fratres
610 1679 638 1707 a
657 1666 785 1707 sectis
803 1679 882 1720 per
899 1666 1132 1720 ypocrisim
1155 1678 1277 1706 usur-

369 1728 520 1777 patum
549 1725 615 1765 37.

314 1781 489 1821 —mina
517 1785 670 1822 sancta
697 1781 1018 1822 coniuratorum
1049 1781 1117 1822 25.

315 1862 369 1868 —
399 1839 483 1879 tria
512 1838 633 1879 Petri
663 1839 759 1879 663.

315 1900 557 1937 —netenus
576 1896 707 1949 pauci
725 1900 826 1936 sunt
844 1895 1037 1947 heretici,
1079 1895 1155 1951 qui
1173 1899 1279 1936 tunc

370 1954 548 1994 stabunt
579 1954 675 1994 397.

314 2011 539 2051 Nostrates
568 2014 733 2052 stantes
762 2010 808 2050 in
837 2010 960 2050 curia
987 2010 1090 2063 5743
1123 2011 1220 2051 593.

315 2072 466 2108 —tum
495 2068 702 2109 transitus
730 2068 776 2107 in
795 2067 1050 2108 Flandriam
1071 2067 1107 2108 si
1137 2079 1165 2108 a
1195 2067 1278 2108 deo

373 2125 430 2166 ad
458 2125 658 2180 regulam
686 2125 866 2179 punitus
895 2125 950 2166 sit
979 2126 1076 2166 281.

313 2182 576 2224 Notabiliter
612 2187 868 2224 erraverunt
903 2182 1088 2224 subiecti
1117 2181 1189 2223 dei
1217 2182 1279 2223 le-

372 2241 498 2295 gibus
527 2253 606 2294 per
633 2253 883 2294 processum
911 2240 1118 2294 temporis
1148 2239 1245 2281 273.

315 2298 498 2339 Notaret
526 2310 642 2352 papa
670 2311 760 2338 non
789 2310 969 2339 movens
997 2297 1195 2338 homines
1225 2296 1282 2338 ad

373 2355 661 2409 pugnandum
690 2356 787 2396 288.

316 2413 488 2453 Noticia
517 2413 747 2466 septuplex
776 2412 1095 2453 mundanorum
1127 2413 1224 2454 208.

319 2493 372 2499 —
403 2482 430 2510 a
457 2470 650 2511 trinitate
679 2470 889 2524 impressa
924 2470 971 2510 in
1009 2475 1180 2511 mentes
1207 2469 1282 2511 ho·

373 2527 540 2568 minum
569 2529 665 2569 208.

319 2607 372 2614 —
403 2584 720 2625 mundanorum
736 2585 859 2639 peior
872 2597 1005 2639 quam
1020 2585 1168 2626 anima
1182 2585 1281 2626 208.

319 2664 373 2671 —
403 2647 620 2682 sectarum
655 2642 860 2696 prodesse
896 2647 1040 2696 potest
1084 2642 1281 2694 ecclesie,

374 2703 425 2740 ut
453 2699 648 2754 fugiatur
675 2704 905 2753 peccatum
935 2700 1003 2741 37.

320 2779 373 2785 -
403 2756 617 2797 sensibilis
645 2757 692 2797 in
720 2757 962 2811 spiritualia
994 2757 1190 2811 superior
1219 2757 1283 2797 in-

374 2813 564 2855 troducit
593 2815 690 2855 243.

318 2894 375 2902 —-
404 2871 460 2912 de
488 2871 689 2912 humanis
718 2871 1029 2912 tradicionibus
1060 2872 1158 2912 210.

319 2950 376 2958 —
405 2928 461 2969 de
491 2928 573 2970 deo
602 2929 825 2983 sapiencia
852 2929 1102 2970 nominatur
1131 2930 1228 2970 210.

322 3009 369 3014 -
406 2985 462 3026 de
499 2986 582 3027 deo
619 2991 686 3028 est
727 2987 843 3028 basis
878 2986 1071 3027 omnium
1106 2986 1286 3027 noticia-

377 3057 474 3084 rum
504 3044 601 3085 210.

323 3123 376 3130 —
422 3101 727 3142 mandatorum
781 3100 983 3142 fidelibus
1034 3101 1287 3143 annotanda

323 3215 493 3256 —ciam
523 3215 595 3256 dei
622 3215 867 3270 impediunt
893 3216 1156 3257 tradiciones
1186 3216 1284 3257 210.

324 3272 468 3314 —cias
498 3286 648 3314 omnes
676 3278 842 3327 prestat
874 3273 1062 3314 scintilla
1081 3273 1286 3314 trinitatis

323 3387 447 3428 Nove
477 3392 594 3428 secte
624 3388 813 3429 stabilite
841 3401 896 3429 ex
923 3388 1182 3429 auctoritate
1213 3387 1287 3429 do·

380 3444 488 3484 mini
515 3446 585 3486 89.

326 3501 427 3542 —vi
455 3502 628 3543 ordines
656 3502 890 3544 introducti
915 3504 983 3545 88.

1048 378 1347 420 GENERAL
1379 378 1594 420 INDEX.

1357 522 1403 562 in
1431 522 1675 562 Novissime
1714 521 1785 562 die
1821 521 2061 575 punientur
2094 520 2324 563 irridentes

1417 578 1602 620 Cristum
1633 580 1730 620 333.

1359 643 1567 677 -“—vorum
1598 635 1798 677 ordinum
1827 635 2019 676 stulticia
2047 635 2117 676 98.
2378 681 2391 692 .-

1359 694 1535 734 Novelli
1578 693 1770 744 ordines,
1816 692 2034 733 seculares
2071 691 2236 733 domini
2280 697 2326 733 et
2387 715 2391 718 -
2450 694 2451 705 ³

1417 750 1602 805 wlgares
1642 750 1930 791 defenderent
1965 749 2186 804 quandam
2229 761 2326 790 sen·
2383 770 2386 771 ⁷
2431 795 2439 803 ,

1416 808 1607 848 tenciam
1650 821 1750 848 cum
1793 807 1873 848 toti
1909 807 2062 861 generi
2101 807 2326 848 hominum
2387 814 2391 816 ’

1416 864 1669 917 profecisset
1698 865 1796 906 284.

1362 921 1476 962 -lle
1506 925 1624 962 secte
1653 921 1816 975 pluries
1845 921 2059 963 innovant
2087 922 2184 963 304.
2402 952 2405 958 ,

1365 1001 1414 1006 ——
1447 982 1565 1018 secte
1606 978 1874 1018 inclinantur
1915 979 1962 1019 in
2002 978 2111 1030 fide,
2161 991 2238 1033 spe
2283 982 2329 1019 et
2391 1000 2393 1004 ν

1418 1035 1600 1076 caritate
1631 1034 1818 1076 deficere
1849 1037 1946 1077 306.

1364 1115 1416 1121 -
1447 1096 1565 1133 secte
1595 1092 1812 1145 quomodo
1841 1093 2006 1134 servari
2033 1092 2201 1146 possint
2228 1093 2326 1135 284.

1360 1149 1534 1190 Novicii
1563 1149 1690 1190 Cristi
1723 1150 1816 1190 139.
2367 1188 2376 1191 „
2436 1191 2439 1193 ,

1361 1207 1544 1247 Novitas
1574 1206 1775 1247 ordinum
1801 1205 1984 1261 impedit
2009 1205 2326 1261 plenitudinem

1419 1264 1531 1318 legis
1563 1266 1631 1306 96.
2443 1294 2447 1300 .

1366 1345 1416 1351 —
1467 1321 1691 1376 religionis
1746 1321 1927 1362 fratrum
1983 1320 2220 1362 necessita
2273 1319 2331 1362 ad
2393 1326 2399 1366 ζ
2440 1324 2446 1354 -’

1422 1379 1665 1433 ewangelio
1696 1378 1962 1419 obviandum
1992 1379 2061 1420 47.
2394 1378 2396 1383 '

1365 1459 1419 1466 —
1440 1441 1656 1477 sectarum
1671 1440 1859 1490 quatuor
1878 1440 1924 1477 et
1935 1434 2226 1477 tradicionum
2238 1434 2331 1476 vin·

1420 1493 1567 1534 culum
1598 1493 1761 1547 duplex
1792 1494 1888 1535 173.
2383 1542 2386 1543 ⁷

1367 1555 1534 1592 —tates
1563 1551 1804 1604 culpabiles
1832 1549 2010 1591 inducte
2050 1549 2234 1591 fratrum
2262 1550 2332 1592 93.
2386 1599 2392 1607 φ

1365 1629 1419 1637 -
1450 1613 1667 1649 sectarum
1695 1607 2054 1662 pretermittende
2083 1611 2186 1648 sunt
2213 1607 2312 1650 298.
2386 1609 2390 1654 Ϊ

1365 1689 1417 1695 -
1451 1665 1698 1706 fundabiles
1733 1665 2079 1719 superinducunt
2113 1669 2232 1706 secte
2261 1663 2332 1707 42.
2380 1684 2399 1706 η
2447 1696 2450 1700 .

1363 1728 1539 1777 propter
1569 1747 1623 1752 —
1661 1722 1901 1777 culpabiles
1943 1727 2062 1764 secte
2107 1720 2333 1777 arguendo
2384 1732 2386 1734 ’

1422 1784 1524 1821 sunt
1551 1782 1619 1822 93.

1368 1838 1585 1879 —tatibus
1605 1841 1786 1879 onerata
1805 1836 1991 1878 ecclesia
2010 1835 2203 1878 militans
2233 1837 2302 1878 59.

1363 1896 1542 1936 Nubere
1571 1895 1803 1949 prohibent
1829 1898 1949 1935 secte
1977 1895 2046 1936 36.

1364 1953 1493 1994 Nude
1522 1953 1759 1994 verbaliter
1802 1955 1847 1993 et
1882 1963 1988 1993 vere
2024 1950 2203 1992 realiter
2237 1963 2333 2006 pos—
2354 1971 2376 1983 υ
2455 1981 2461 2007 3

1422 2014 1524 2051 sunt
1553 2010 1690 2064 aliqui
1720 2022 1814 2050 esse
1844 2009 1899 2050 de
1928 2012 2050 2050 secta
2077 2007 2207 2050 Gristi
2235 2008 2333 2051 274.
2390 2034 2394 2035 ν
2457 2012 2461 2058 ².

1365 2068 1421 2110 de
1442 2067 1556 2108 ——da
1576 2067 1779 2109 oracione
1793 2066 1976 2108 ulterius
1995 2069 2191 2121 speraret
2203 2077 2334 2108 nemo
2380 2068 2382 2070 ’
2459 2063 2461 2067 ’

1366 2183 1553 2224 Nuditas
1582 2181 1762 2237 argucie
1790 2180 1970 2223 simialis
1998 2181 2097 2223 467.

1366 2240 1524 2282 Nullus
1554 2239 1776 2294 apostolus
1803 2238 1958 2280 habuit
1986 2250 2014 2280 a
2039 2238 2172 2280 Petro
2200 2237 2389 2279 licen-1

1425 2298 1538 2339 ciam
1566 2296 1821 2352 predicandi
1849 2297 2378 2338 405...

1370 2379 1423 2386 —
1453 2356 1570 2410 prior
1598 2359 1716 2395 secte
1746 2358 1812 2395 est
1829 2357 2038 2408 patronus
2058 2352 2244 2394 ecclesie
2264 2351 2334 2395 64.
2360 2360 2364 2361 ’

1370 2437 1422 2442 -
1454 2413 1749 2467 apostolorum
1779 2411 2041 2465 dampnatus
2069 2414 2217 2465 preter
2235 2409 2335 2451 Sca-
2377 2428 2383 2468 3

1425 2470 1539 2511 rioth
1568 2470 1636 2511 34.

1371 2551 1424 2557 —
1456 2540 1511 2569 ex
1541 2527 1670 2568 sectis
1699 2530 1875 2567 sanctus
1904 2525 1950 2566 in
1979 2524 2075 2567 celo
2105 2525 2174 2566 34.

1371 2585 1487 2626 —lla
1515 2584 1632 2638 ydea
1660 2583 1882 2638 superflua
1910 2583 2004 2624 sine
2034 2594 2168 2624 causa
2207 2582 2277 2624 26.
2319 2630 2322 2631 ⁷

1373 2667 1424 2673 —
1455 2643 1629 2697 privata
1643 2646 1764 2682 secta
1777 2653 1805 2682 a
1819 2640 1995 2682 domino
2009 2639 2252 2694 approbata
2266 2638 2349 2681 22
2370 2655 2377 2664 ν’

1373 2724 1423 2731 -
1456 2704 1673 2744 sectarum
1702 2703 1892 2753 quatuor
1919 2697 2078 2742 militat
2106 2697 2188 2738 sub
2217 2700 2340 2739 secta
2355 2711 2357 2713 ·

1429 2757 1592 2798 domini
1620 2757 1723 2797 Iesu
1754 2756 1880 2798 Cristi
1911 2756 2008 2797 274.
2359 2759 2362 2762 ’

1370 2815 1589 2856 Numerus
1618 2813 1882 2855 ferculorum
1911 2813 2009 2855 536.

1373 2896 1426 2903 —-
1457 2872 1742 2926 collegiorum
1770 2871 1954 2912 fratrum
1983 2870 2081 2912 368.

1374 2953 1427 2960 —
1458 2929 1652 2970 infinitus
1681 2929 1864 2969 fratrum
1893 2927 1998 2979 2223
2029 2926 2126 2968 368.

1374 3010 1426 3016 —
1459 2991 1504 3028 et
1533 2986 1789 3041 magnitudo
1820 2985 2035 3027 esibilium
2067 2983 2165 3026 535.

1375 3069 1427 3075 —
1458 3044 1690 3085 stultorum
1720 3047 1786 3084 est
1813 3041 2008 3083 infinitus
2038 3042 2136 3084 605.
2344 3060 2366 3094 j

1371 3102 1520 3144 Nutrit
1547 3102 1686 3143 multa
1714 3100 1836 3141 milia
1863 3105 2073 3154 patronus
2105 3095 2340 3153 peccabilb
2364 3096 2369 3145 ἲ

1372 3191 1635 3258 Nutriuntur
1687 3215 1874 3269 plurima
1922 3218 2105 3268 peccata
2146 3213 2194 3254 in
2234 3210 2371 3301 nido,

1431 3274 1608 3327 dyaboli
1639 3274 1734 3315 133.
2346 3287 2348 3290 ’

1826 3353 1880 3400 0.

1375 3444 1645 3545 Ob5e2dgiencia
1673 3443 1890 3525 servanda
1927 3442 2010 3486 deo
2041 3447 2087 3485 et
2112 3439 2340 3497 prepositis
2468 3470 2470 3482 2
