2528 4074
3 522 6 535 '
35 541 51 586 ς·
105 531 480 579 misericordia
507 531 556 572 in
574 544 623 572 se
645 533 690 572 et
709 529 867 570 fiatres
888 528 956 569 51.

103 591 370 636 'Immunitas
396 589 488 632 vite
517 589 704 630 fratrum
733 586 802 629 78.

9 679 11 683 η
75 676 79 679 ⁴
114 660 487 706 -personarum
515 651 738 688 sectarum
768 645 837 686 78.

84 706 426 764 Πωρο008111108
455 706 613 747 fratres
642 705 712 756 55.

78 765 331 822 31mpedire
361 762 599 819 ewangelii
616 753 973 817 predicacionem
994 761 1093 803 607.

114 849 168 857 —
197 837 287 866 non
314 826 461 878 potest
489 820 706 875 dyabolus
733 825 907 876 partem
926 818 1094 872 mundi,

90 878 100 903 ¹·
169 882 276 938 quin
303 880 505 936 proficiat
533 878 676 921 beatis
707 879 806 921 329.

83 946 91 974 :-
100 941 235 984 1-(111
247 952 366 996 papa
372 952 431 981 ne
447 942 595 980 currat
608 937 748 979 libere
757 949 900 979 sermo
910 936 983 978 dei
993 938 1047 979 67
1055 937 1092 979 1.

83 1046 87 1047 ⁷
114 1023 168 1033 -
197 1011 315 1054 papa
342 997 545 1039 volentes
577 995 903 1052 ewangelizare
934 996 1034 1038 670.

6 1071 9 1078 ¹
47 1067 49 1069 ’
113 1080 171 1091 -
202 1056 357 1112 religio
394 1055 686 1111 professorem
730 1054 789 1096 ad
824 1054 1095 1096 servandum

6 1107 11 1115 ’
166 1115 276 1158 111118
304 1114 532 1170 1011810808
567 1114 668 1156 492.

102 1173 294 1216 -A-eiunt
311 1173 469 1215 fratres
488 1186 592 1214 suos
610 1171 854 1214 confratres
874 1171 1094 1227 corripere

169 1233 352 1275 fratrum
381 1231 428 1272 in
458 1231 636 1286 publico
666 1231 738 1272 48.

80 1286 95 1294 '
128 1309 163 1329 21:
174 1294 351 1347 perator
363 1295 600 1332 accusatur
614 1302 716 1331 cum
722 1293 872 1344 posset
878 1288 1092 1331 alleviare

168 1349 401 1393 ecclesiam
430 1362 459 1390 a
488 1348 747 1404 gravamine
779 1349 847 1390 60.

103 1408 252 1451 *oris
266 1412 334 1450 081
347 1420 506 1463 pacem
525 1407 573 1448 in
588 1405 880 1449 cristianismo
895 1405 1092 1448 stabilire

30 1572 32 1576 ,
91 1548 164 1566 .·-
191 1529 390 1580 tempore
422 1524 612 1567 ecclesia
640 1523 926 1579 corporaliter
944 1536 1092 1578 perse-

92 1601 122 1630 >..·
163 1588 268 1626 cuta
296 1583 382 1625 fuit
411 1585 511 1626 398.

104 1642 165 1688 ad
194 1656 377 1684 —orum
408 1646 454 1684 et
482 1641 600 1698 regis
629 1640 826 1683 officium
856 1640 966 1696 quid
994 1654 1092 1696 per-

100 1697 130 1725 '-'
161 1701 275 1743 tinet
304 1701 403 1743 572.

102 1765 112 1768 “
163 1773 260 1802 0108
297 1764 343 1802 01
378 1772 507 1815 10808
538 1759 773 1802 ecclesiam
803 1758 938 1801 stulte
969 1758 1092 1800 dota-

161 1823 324 1862 verunt
353 1819 453 1861 590.

100 1876 390 1932 Imperfeccio
422 1876 553 1919 Cristi
584 1877 679 1919 139.

99 1935 313 1991 'impietas
329 1941 447 1978 08801
462 1935 727 1978 0101110811188
734 1935 854 1991 ipsas
863 1935 1091 1977 destruere

2 2047 4 2051 ’
82 2074 83 2078 =
109 2053 286 2106 utatis,
326 2067 418 2095 non
455 2053 651 2095 caritatis
681 2058 785 2095 sunt
814 2053 970 2109 regule
1000 2065 1090 2108 que

163 2111 318 2154 dotant
332 2112 601 2167 presbiteros
617 2117 770 2154 contra
778 2111 972 2154 Oristum
988 2112 1089 2154 277.

1 2199 4 2204 .
103 2183 106 2189 ’
139 2170 314 2226 ..pleret
349 2170 493 2213 fidelis
530 2171 719 2227 quilibet
747 2170 960 2212 mandata
992 2170 1089 2213 116.

4 2226 5 2229 ’
93 2229 339 2285 [inponere
346 2229 598 2272 hominibus
604 2229 904 2285 periculosum
913 2234 980 2272 est
991 2231 1012 2271 1
1019 2230 1089 2272 68.

1 2304 5 2322 2
91 2287 336 2347 'Imposicio
381 2289 574 2331 mendax
620 2293 666 2331 et
708 2288 970 2344 blasphema
1005 2288 1090 2330 fra-

97 2420 161 2459 ;·.·*-
188 2419 404 2448 manuum
432 2419 524 2448 non
551 2406 804 2448 necessaria
822 2406 881 2448 ad
900 2406 1091 2448 salutem

99 2526 160 2562 -.—'-·
187 2523 463 2579 blasphemie
491 2523 539 2565 in
569 2523 709 2566 Gristo
741 2524 840 2566 279.

3 2634 7 2637 Δ
86 2581 378 2638 ‘Impossibile
416 2587 484 2624 est
519 2587 770 2625 creaturam
808 2582 1005 2638 aliquam
1044 2583 1091 2623 in

2 2643 6 2647 ’
83 2647 112 2669 ’-
161 2640 295 2683 deum
325 2641 586 2697 delinquere
616 2642 716 2684 418.

100 2698 438 2756 Impossibilitas
467 2699 723 2742 differencie
754 2701 824 2742 61.

6 2809 12 2815 .
87 2757 498 2814 Impresenciarum
528 2758 735 2801 sacerdos
762 2771 882 2814 papa
901 2763 969 2801 est
989 2759 1087 2802 618.

99 2816 377 2873 Improbacio
407 2831 563 2860 sensus
592 2817 785 2860 auctoris
815 2819 886 2860 75.

6 2895 7 2898 ¹
92 2874 403 2922 {Incarceracio
423 2877 622 2929 fratrum,
653 2876 733 2932 qui
761 2876 979 2933 detegunt
998 2889 1090 2919 800-

4 2968 6 2970 .
160 2934 255 2977 1018
285 2935 450 2978 ordinis
481 2937 551 2978 40.

3 2992 9 3043 ἶ
90 3007 269 3036 1-01108
298 3007 386 3050 pap
388 2994 484 3037 ales
516 2995 614 3037 130.

5 3062 10 3074 ²
83 3051 375 3095 Incarcerari
405 3053 574 3095 Oristus
602 3053 747 3095 noluit
775 3066 878 3094 suos
909 3053 1009 3094 524.

4 3103 10 3118 ⁴
102 3123 238 3154 —are
266 3112 341 3155 vel
378 3111 581 3154 occidere
610 3111 812 3154 homines
839 3111 932 3167 legi
962 3110 1092 3189 011811

3 3191 11 3227 g
104 3183 108 3186 ⁴
159 3183 250 3212 non
279 3176 494 3213 consonat
522 3171 622 3213 285.

4 3231 11 3239 ’
88 3226 159 3275 ᾏ-
187 3229 346 3272 fratres
376 3231 475 3272 479.

0 3312 10 3333 1
80 3291 206 3330 'ante
249 3288 615 3331 Incarnacionem
635 3341 639 3344 =
657 3288 846 3331 verbum
889 3286 964 3328 dei
1006 3286 1091 3328 fuit

0 3379 10 3402 =
106 3362 111 3370 ⁴
157 3345 366 3402 illapsum
394 3347 546 3389 multis
574 3347 826 3389 hominibus
855 3346 955 3387 257.

82 3402 326 3451 ‘Incamati
353 3405 537 3461 quidam
566 3405 748 3460 dyaboli
766 3404 973 3446 dicuntur
992 3417 1090 3446 esse

159 3463 346 3507 iuvenes
375 3464 451 3506 vel
477 3464 640 3507 larvati
669 3463 850 3519 dyaboli
880 3463 980 3505 363.

0 3558 6 3577 2
82 3539 160 3578 β·-
189 3522 370 3577 dyaboli
384 3522 524 3564 maior
538 3522 739 3565 condicio
759 3522 967 3578 superbie
989 3523 1087 3564 362.

0 3616 9 3631 2
85 3575 314 3624 Incedere
343 3595 425 3637 per
452 3581 574 3623 viam
603 3594 806 3624 securam
838 3581 935 3622 141.

868 382 1172 424 GENERAL
1204 382 1429 422 INDEX.

2071 390 2176 436 773

1183 526 1503 567 Inclaustracio
1534 526 1656 567 utilis
1688 528 1876 570 ecclesie
1908 530 2006 570 525.

1183 584 1425 625 Inclinacio
1457 583 1565 625 astri
1593 584 1713 626 infra
1741 597 1892 627 aerem
1925 588 1993 628 73.

1183 642 1376 683 Inclusio
1420 642 1728 697 religiosorum
1772 657 1862 684 non
1906 644 2094 688 fundata
2130 647 2177 686 in

1242 700 1459 754 scriptura
1490 701 1589 743 535.

1183 758 1520 800 Incontinencia
1550 759 1789 813 corporalis
1820 760 2006 801 fratrum
2036 762 2106 803 40.

1183 816 1560 858 Inconveniencia
1588 817 1764 860 infinita
1793 823 2015 860 sectarum
2047 820 2144 862 140.

1184 875 1442 930 Increpacio
1473 875 1702 917 hominum
1737 877 2015 933 singulorum
2046 878 2115 920 78.

1188 957 1239 963 —
1270 939 1555 988 peccatorum
1587 935 1656 976 77.

1183 992 1409 1047 Increpari
1445 1006 1535 1034 non
1576 993 1711 1035 debet
1747 1007 1827 1036 rex
1855 1008 1935 1050 pro
1966 995 2175 1037 confisca-

1241 1051 1368 1093 cione
1401 1052 1500 1094 283.

1182 1109 1420 1151 Incurrunt
1441 1110 1616 1152 ordines
1637 1111 1879 1153 anathema
1899 1112 2088 1166 apostoli
2105 1114 2174 1155 61.

1183 1169 1462 1210 11101118101108
1501 1169 1774 1212 dominative
1804 1183 1963 1225 parum
1992 1177 2177 1226 prosunt

1241 1228 1430 1270 ecclesie
1462 1229 1561 1270 560.

1182 1285 1412 1327 Indebitus
1433 1299 1558 1328 amor
1578 1287 1900 1328 concomitatur
1919 1293 2088 1330 sectam
2103 1290 2173 1330 24.

1181 1343 1386 1386 Indebite
1416 1349 1690 1387 venerantur
1720 1345 1879 1387 fratres
1911 1347 1980 1388 52.

1180 1402 1551 1445 Indefectibiliter
1567 1403 1733 1445 cristus
1755 1409 1964 1459 operatus
1986 1411 2053 1447 est
2074 1407 2172 1448 212.

1180 1461 1312 1502 India
1341 1466 1429 1503 stat
1457 1461 1504 1502 in
1534 1461 1623 1504 fide
1654 1462 1857 1516 primeva
1880 1462 2012 1505 011811
2042 1466 2141 1506 598.

1179 1519 1444 1562 Indifferens
1474 1520 1559 1562 deo
1590 1521 1724 1562 nichil
1755 1526 1823 1563 est
1854 1523 1923 1564 61.

1181 1579 1327 1620 —ntis
1357 1584 1593 1634 peccatum
1624 1581 1693 1622 61.

1180 1637 1393 1693 Indigens
1423 1643 1577 1680 curato
1607 1638 1793 1680 inhabili
1814 1639 2021 1692 decimas,
2055 1640 2175 1682 obla-

1240 1697 1390 1739 ciones
1429 1702 1512 1739 etc.
1546 1697 1652 1739 dare
1690 1698 1949 1753 parochiani
1978 1712 2069 1740 non
2100 1699 2174 1741 de-

1241 1757 1349 1798 bent
1379 1756 1565 1812 astringi
1595 1757 1695 1799 311.

1179 1814 1394 1871 Indignos
1425 1814 1535 1857 deus
1565 1829 1657 1857 non
1685 1815 1823 1858 refert
1852 1817 1950 1858 350.

1180 1873 1530 1928 Indisponuntur
1544 1874 1741 1929 religiosi
1748 1888 1828 1930 per
1835 1875 2173 1917 observanciam

1238 1945 1357 1974 vane
1387 1933 1614 1989 religionis
1646 1935 1745 1975 335.

1181 1991 1472 2033 Individuans
1502 1991 1770 2047 principium
1804 1994 1900 2035 100.

1180 2050 1468 2092 Individuum
1498 2064 1589 2092 non
1618 2055 1765 2106 potest
1794 2065 1994 2094 01080010
2018 2051 2077 2093 8(1
2097 2066 2172 2108 ge·

1240 2123 1324 2151 nus
1355 2109 1431 2151 vel
1461 2109 1658 2164 speciem
1690 2111 1788 2152 657.

1180 2168 1390 2210 Induccio
1422 2173 1644 2210 sectarum
1675 2169 1745 2211 29.

1180 2227 1417 2269 Inductiva
1446 2227 1701 2269 voluntaria
1730 2227 1935 2269 introitus
1968 2229 2067 2270 102.

1179 2285 1399 2328 Inducere
1430 2299 1570 2328 novos
1601 2286 1869 2341 presbiteros
1889 2286 1948 2328 ad
1969 2301 2081 2328 onus
2103 2301 2172 2329 ec-

1245 2345 1380 2387 010810
1411 2346 1511 2387 394.

1179 2403 1373 2446 Induere
1404 2408 1573 2445 sectam
1603 2416 1768 2445 novam
1796 2403 1896 2458 plus
1927 2404 2170 2458 difficilem,

1238 2463 1337 2518 plus
1367 2462 1577 2504 servilem
1607 2467 1652 2504 et
1681 2462 2007 2505 infundabilem
2035 2477 2088 2506 ac
2109 2464 2171 2505 in-

1238 2526 1407 2563 certam
1438 2522 1507 2563 32.
1918 2545 1921 2548 ’

1183 2602 1235 2609 --
1269 2585 1411 2621 800188
1442 2584 1508 2622 081
1537 2579 1762 2635 apostasia
1795 2581 1890 2622 139.

1179 2639 1475 2695 Indulgencia
1505 2638 1616 2681 deus
1645 2639 1835 2694 partitur
1867 2640 1964 2682 149.

1183 2698 1307 2739 —cie
1338 2711 1431 2739 non
1450 2710 1660 2740 concesse
1681 2711 1708 2739 a
1729 2697 1813 2740 deo
1834 2698 2055 2754 dignitate
2075 2712 2172 2754 per-

1239 2770 1346 2798 sone
1381 2757 1478 2799 149.

1182 2840 1235 2845 —
1268 2829 1346 2870 pro
1378 2815 1658 2857 beatitudine
1693 2816 1790 2858 149

1181 2899 1235 2904 —
1267 2874 1364 2916 sine
1394 2874 1542 2916 medio
1573 2874 1723 2929 aliquo
1754 2887 1782 2915 a
1813 2874 1897 2916 deo
1921 2874 2169 2917 concedun-

1236 2939 1309 2974 tur
1332 2934 1429 2975 149.

1181 2991 1492 3034 —turbative
1524 2992 1713 3033 ecclesie
1748 2993 1844 3034 149.

1181 3075 1235 3081 -
1266 3063 1382 3106 pape
1412 3064 1491 3106 pro
1522 3051 1746 3105 spiritibus
1777 3056 2050 3093 mortuorum
2075 3053 2158 3092 148

1120 3116 1122 3119 ’
1180 3134 1234 3139 --
1266 3109 1439 3151 infinite
1470 3108 1619 3151 fictive
1652 3111 1751 3151 595.

1181 3193 1248 3219 -,
1282 3168 1770 3210 excommunicaciones
1805 3168 2040 3210 mendacia
2068 3174 2173 3210 sunt

1180 3228 1407 3327 -ῗίἒιῗᾞω
1435 3285 1581 3326 forum
1614 3286 1711 3328 146.

1181 3368 1236 3374 —
1266 3344 1575 3400 sophisticacio
1609 3345 1707 3386 149.

1180 3403 1328 3445 —cias
1349 3408 1395 3445 et
1410 3402 1646 3458 privilegia
1660 3403 1909 3458 spiritualia
1928 3403 2060 3445 homo
2079 3417 2171 3445 non

1237 3467 1383 3517 potest
1414 3474 1563 3503 emere
1594 3462 1694 3503 424.

1179 3520 1324 3621 —bde
1345 3520 1611 3621 5plelnitencia.
1640 3533 1759 3575 papa
1794 3520 1943 3563 facere
1974 3534 2065 3562 non
2097 3521 2170 3563 de·

1270 3584 1315 3621 et
1435 3612 1444 3620 .
