2528 4074
378 369 479 416 794

375 507 499 560 Papa
527 519 616 547 non
646 506 840 560 sequitur
868 506 985 547 viam
1016 505 1143 547 Cristi
1183 508 1279 548 589.

376 586 431 593 —
462 562 618 604 occidit
652 563 933 618 spiritualiter
969 563 1128 604 multas
1172 564 1339 605 animas

376 701 431 707 —
462 678 808 719 excommunicat
836 677 1105 719 adversarios
1136 679 1232 719 589.

379 757 431 764 -
463 747 636 775 crucem
667 735 813 776 elevat
843 735 939 776 589.

380 816 431 821 —
462 791 640 833 affectat
666 792 969 846 temporalium
999 791 1191 832 dominia
1221 794 1316 833 591.

378 872 430 878 —-
462 849 631 890 restitui
660 861 688 889 a
717 849 1025 890 communitate
1055 849 1178 889 nulla
1208 848 1338 890 debet

380 987 431 993 —
461 975 550 1003 non
586 967 731 1004 servat
765 962 1055 1003 humilitatem
1086 961 1213 1002 Cristi
1243 963 1339 1004 589.

377 1043 430 1049 —
460 1032 565 1060 num
594 1019 840 1060 anticristus
871 1020 967 1060 673.

379 1100 431 1106 —
460 1077 573 1130 rapit
601 1077 716 1117 bona
745 1076 891 1117 omnia
910 1088 937 1116 a
956 1076 1221 1130 pauperibus
1242 1078 1338 1117 684.

379 1157 430 1163 —-
462 1133 576 1187 fugit
603 1133 792 1174 latenter
821 1133 875 1174 de
894 1133 990 1174 loco
1010 1133 1056 1172 in
1076 1133 1220 1174 locum
1241 1135 1337 1175 683.

377 1213 429 1220 -—
460 1203 488 1231 a
516 1190 702 1243 dyabolo
730 1194 968 1244 temptatus
999 1191 1095 1231 677.

378 1271 429 1277 —
459 1248 635 1301 patulus
665 1248 911 1289 anticristus
942 1248 1038 1288 686.

377 1328 430 1334 --
450 1305 709 1359 principium
725 1305 936 1346 discordie
953 1309 997 1345 et
1011 1305 1224 1346 bellorum
1241 1306 1337 1347 688.

380 1386 432 1391 —
464 1362 579 1403 bona
608 1374 635 1403 a
663 1363 927 1416 pauperibus
956 1363 1125 1403 furatur
1155 1363 1251 1404 684.

378 1442 429 1448 —
461 1419 517 1460 ad
546 1419 663 1460 bella
690 1424 898 1474 provocat
927 1421 1023 1461 687.

379 1499 430 1505 —
461 1490 567 1517 num
596 1482 750 1530 peccat
779 1478 875 1518 678.

377 1556 430 1563 -·
461 1534 536 1574 wlt
570 1539 620 1574 ut
656 1534 794 1575 exteri
830 1534 974 1575 ferant
1007 1534 1088 1575 sibi
1127 1535 1340 1589 copiosius

431 1591 662 1644 pecuniam
693 1593 789 1632 688.

377 1671 429 1676 —
461 1648 584 1702 eligit
616 1648 714 1702 plus
751 1660 883 1701 quam
915 1649 967 1688 12
1005 1648 1248 1690 cardinales
1276 1649 1340 1689 in-

432 1705 569 1757 clytos
599 1709 764 1746 astutos
795 1706 892 1746 687.

377 1786 429 1791 -
459 1762 667 1803 mentitur
696 1763 750 1803 de
782 1762 919 1803 Gristo
957 1762 1052 1804 129.

376 1842 428 1848 -
460 1820 506 1859 111
535 1825 674 1861 castro
694 1820 767 1861 vel
795 1820 903 1861 villa
931 1833 1170 1874 numquam
1199 1820 1340 1874 predi-

431 1882 502 1917 cat
529 1877 626 1917 iura
655 1877 783 1918 Oristi
812 1878 908 1918 688.

375 1957 428 1962 —
458 1934 504 1973 in
533 1935 648 1975 vicia
676 1947 875 1975 corruere
904 1939 1047 1988 potest
1075 1936 1172 1976 677.

377 2014 428 2020 --
459 1991 587 2032 1181118
618 1992 949 2046 superbissimus
980 1997 1024 2033 et
1043 1992 1339 2034 crudelissime

430 2048 722 2090 vindicativus
753 2051 849 2091 681.

377 2128 429 2135 —-
461 2111 526 2147 est
554 2106 754 2147 sacerdos
784 2106 1170 2160 impresenciarum
1201 2108 1296 2148 618.

380 2186 430 2192 —
463 2168 507 2204 et
537 2162 699 2205 Cristus
729 2164 893 2205 directe
930 2164 1134 2205 contrarii
1171 2164 1218 2204 in
1246 2165 1340 2205 vita

377 2300 429 2306 -
462 2282 594 2331 caput
619 2278 806 2319 ecclesie
834 2278 1139 2331 triumphantis
1175 2279 1270 2320 664.

377 2358 428 2364 -—
458 2335 641 2389 impedit
668 2349 725 2377 ne
757 2340 900 2377 currat
933 2336 1069 2377 libere
1098 2349 1238 2376 sermo
1269 2335 1341 2376 dei

377 2474 431 2479 -—
461 2450 652 2490 inclusus
672 2450 718 2489 in
738 2454 878 2490 castro
909 2450 1041 2491 mittit
1058 2450 1200 2491 bullas
1227 2450 1339 2491 blas-

430 2507 610 2560 phemas
641 2507 736 2548 617.

376 2587 429 2593 -—
459 2578 547 2604 non
568 2569 747 2605 movent
765 2564 961 2605 homines
989 2564 1046 2605 ad
1065 2565 1211 2605 taliter
1230 2579 1338 2619 pug-

430 2622 626 2662 nandum
656 2622 751 2663 288.

375 2701 428 2707 —
458 2692 548 2719 non
575 2679 851 2719 immediatus
879 2679 1068 2720 vicarius
1084 2678 1211 2719 Cristi
1239 2680 1338 2720 463.

376 2760 428 2765 -
458 2735 586 2776 homo
629 2736 801 2790 peccati
845 2740 889 2776 et
932 2736 1171 2776 contrarius
1202 2735 1338 2777 Cristo

375 2873 427 2879 -
461 2863 560 2891 cum
590 2850 678 2891 suis
708 2850 904 2905 graditur
937 2850 1055 2891 viam
1086 2850 1338 2904 dampnabi-

429 2907 518 2949 lem
548 2909 644 2949 616.

376 2988 427 2995 —
458 2970 610 3006 auctor
646 2965 794 3006 mortis
831 2965 1074 3006 animarum
1117 2977 1212 3006 esse
1249 2979 1338 3006 non

430 3022 562 3063 debet
597 3023 693 3063 615.

376 3102 426 3108 —
459 3080 671 3133 superbus
701 3083 746 3119 et
773 3079 945 3132 proprie
968 3079 1125 3120 iniurie
1145 3079 1337 3120 vindica-

430 3136 566 3189 tivus3
597 3149 765 3177 summe
796 3136 939 3189 dives3
971 3136 1337 3177 dominatissimus

375 3273 425 3279 —
458 3255 664 3292 renueret
693 3263 843 3291 omnes
872 3250 1117 3304 spirituales
1138 3250 1337 3292 distribu-

430 3308 577 3349 ciones
607 3308 704 3349 562.

374 3387 428 3393 -
457 3377 536 3419 per
563 3365 729 3419 Magog
758 3365 996 3405 mendaciis
1025 3365 1189 3419 tegitur
1219 3366 1315 3407 396.

375 3444 428 3450 -
458 3422 622 3476 tegitur
648 3422 843 3475 undique
870 3422 1121 3474 mendaciis,
1151 3422 1337 3476 ypocrisi

431 3484 475 3520 et
503 3479 757 3520 commentis
787 3479 882 3520 aliis
911 3479 1112 3520 falsitatis
1143 3481 1239 3521 396.

1103 364 1399 405 GENERAL
1429 364 1645 404 INDEX.

1408 632 1479 648 “-
1509 633 1598 660 11811
1626 620 1870 660 necessario
1901 624 1966 660 est
1993 618 2231 660 salvandus
2260 620 2370 663 678.
2407 619 2411 647 '1

1424 506 1578 604 Paggss
1575 509 1640 546 est
1669 505 1858 546 occiduis
1886 505 2119 559 precipuus
2140 480 2401 551 antici-istm?
2444 555 2446 558 ,

1426 699 1479 705 -
1508 676 1805 717 beatissimum
1835 681 1967 730 caput
1995 676 2179 718 ecclesie
2209 677 2307 719 620.

1428 755 1479 762 -
1511 733 1628 786 capit
1655 734 1819 774 malum
1846 733 2038 774 medium
2055 733 2261 788 superbie
2286 734 2387 778 561.
2419 763 2421 765 -
2447 774 2450 778 .

1427 813 1479 819 --
1510 790 1686 831 affectat
1704 791 2008 844 temporalium
2029 791 2268 832 dominium
2286 792 2386 835 578.
2404 799 2406 801 ’
2462 838 2465 839 ⁷

1428 870 1480 876 —-
1509 851 1665 900 peccat
1692 847 1739 888 in
1767 848 1912 901 specie
1941 848 2144 902 superbie
2173 849 2270 891 561.
2411 848 2413 850 ’

1427 927 1480 933 -
1510 917 1598 944 11811
1629 904 1760 945 (181181
1787 905 1965 946 credere
2000 905 2117 960 quod
2142 905 2199 947 sit
2226 905 2390 960 simpli-
2409 902 2416 923 ²
2455 936 2480 944 ,η

1483 960 1590 1001 citer
1609 961 1832 1002 absolutus
1851 962 1924 1003 vel
1947 962 2268 1016 predestinatus
2287 963 2386 1005 575.
2410 974 2421 1018 ᾗ
2455 999 2459 1001 -

1427 1040 1479 1046 —-
1510 1030 1615 1058 num
1645 1018 1965 1071 predestinatus
1993 1019 2050 1061 sit
2077 1021 2175 1062 575.
2406 1038 2411 1041 ’

1426 1097 1480 1104 -
1510 1075 1721 1128 prescitus
1749 1075 1806 1115 ad
1836 1075 2198 1130 dampnacionem
2232 1078 2329 1119 575.
2374 1096 2377 1099 >
2417 1085 2422 1111 ἲ
2480 1090 2481 1093 ’

1428 1154 1480 1160 -
1512 1144 1539 1171 8
1566 1131 1938 1185 pseudofratribus
1967 1133 2172 1176 seductus
2201 1136 2300 1177 574.
2391 1147 2438 1183 Q·
2470 1151 2471 1155 ¹

1427 1189 1698 1230 -faciliter
1739 1194 1886 1243 posset
1926 1190 2182 1232 thezaurum
2228 1191 2415 1247 Anglie¹

1484 1246 1714 1287 exhaurire
1744 1247 1840 1288 575.
2413 1267 2416 1271 ·
2482 1246 2483 1251 ’

1429 1325 1482 1332 -
1511 1303 1646 1344 1181181
1675 1303 1940 1345 cardinales
1949 1309 1994 1346 et
2021 1303 2232 1346 familiam
2258 1304 2390 1346 nimis
2419 1339 2421 1342 .

1484 1361 1747 1414 superfluam
1778 1362 1875 1403 690.
2415 1366 2419 1386 ·'

1429 1441 1481 1447 —
1512 1432 1601 1459 non
1629 1418 1760 1459 debet
1795 1419 2057 1472 particiones
2101 1418 2286 1460 88818818
2321 1424 2402 1460 ac-v

1485 1480 1660 1529 ceptare
1691 1477 1790 1518 563.
2399 1511 2403 1513 -

1429 1555 1482 1561 -
1514 1537 1558 1573 81
1593 1533 1835 1574 cardinales
1865 1533 2079 1587 quomodo
2107 1533 2302 1575 habeant
2335 1532 2414 1581 (18·

1483 1590 1716 1644 provinciis
1744 1591 1904 1644 primos
1929 1591 2099 1632 ‘fructus
2129 1591 2198 1632 32.
2407 1618 2411 1629 ι
2478 1637 2481 1644 ,

1428 1669 1481 1676 -
1513 1647 1701 1688 maxime
1745 1649 1972 1701 perturbat
2016 1648 2246 1690 ecclesiam
2282 1646 2394 1689 mili-

1483 1709 1651 1745 tantem
1683 1705 1778 1746 129.
2479 1728 2481 1730 ·

1427 1785 1480 1790 —
1512 1775 1600 1802 non
1631 1761 1772 1816 diligit
1805 1762 2051 1816 proximum
2085 1766 2137 1804 ut
2172 1775 2222 1804 se
2249 1763 2406 1818 ¹ipsum,

1426 1899 1480 1905 —
1511 1881 1720 1931 arguetur
1748 1876 1795 1916 in
1824 1876 1895 1918 die
1923 1877 2073 1918 iudicii
2103 1877 2199 1919 129.

1425 1956 1480 1964 -
1510 1934 1680 1974 furatur
1707 1934 1823 1974 bona
1853 1934 2036 1975 ecclesie
2067 1935 2165 1976 130.
2374 1968 2378 1972 .
2400 1979 2402 1981 ,

1428 2015 1479 2020 -
1511 1996 1741 2032 88811881111·
1769 2005 1868 2032 811111
1903 1993 2050 2046 1188881
2081 1991 2291 2034 alleviare
2319 2003 2390 2034 88-

1482 2048 1660 2089 clesiam
1690 2061 1717 2089 a
1747 2049 2002 2103 gravamine
2030 2049 2100 2090 60.

1428 2132 1477 2136 -
1510 2106 1614 2146 facit
1644 2106 1865 2148 declinare
1886 2106 2166 2148 ecclesiam‘a
2182 2105 2284 2162 leg-e
2313 2105 2388 2147 do-
2404 2111 2405 2114 ’

1482 2163 1588 2203 1111111
1619 2165 1714 2205 129.

1426 2244 1478 2249 -
1510 2234 1599 2260 11811
1628 2221 1868 2262 conformat
1887 2233 2011 2262 suam
2031 2221 2168 2262 vitam
2196 2220 2288 2276 legi
2316 2218 2390 2263 dei

1425 2358 1479 2364 —
1510 2335 1710 2389 specialis
1741 2334 1869 2376 Cristi
1897 2335 2086 2376 vicarius
2118 2335 2214 2376 171.
2260 2336 2262 2338 ’
2404 2374 2406 2378 ,

1426 2415 1479 2421 -
1509 2397 1652 2446 1181881
1681 2405 1824 2434 errare
1844 2393 1890 2433 in
1917 2392 2324 2434 canonizacionibus
2344 2394 2392 2435 et

1479 2450 1609 2490 bullis
1641 2451 1710 2491 35.
2407 2462 2417 2470 ⁴

1424 2530 1477 2536 -
1508 2520 1597 2547 non
1626 2511 1772 2548 servat
1800 2507 2060 2562 decalogum
2091 2507 2187 2549 129.

1425 2588 1477 2594 --
1508 2565 1698 2605 maxime
1727 2564 1958 2620 elongatus
1977 2577 2006 2606 a
2031 2565 2214 2606 caritate
2243 2563 2315 2606 dei
2344 2565 2404 2606 88

1478 2622 1664 2675 proximi
1695 2623 1789 2663 130.
2371 2648 2374 2650 -

1424 2702 1477 2708 —
1538 2679 1912 2720 manifestissimus
1984 2678 2280 2733 prevaricator
2341 2677 2406 2720 iu.

1480 2737 1627 2777 omnia
1655 2736 1865 2777 mandata
1894 2737 2094 2792 decalogi
2124 2737 2220 2778 130.
2403 2750 2406 2753 ·

1424 2817 1477 2823 -
1507 2806 1692 2847 peccare
1721 2807 1810 2835 non
1838 2799 1982 2848 potest
2012 2795 2108 2836 178.
2406 2843 2410 2847 ¹

1425 2874 1477 2880 —
1509 2851 1693 2904 quilibet
1734 2865 1812 2905 pro
1849 2857 2045 2906 tempore
2081 2864 2160 2892 suo
2194 2849 2399 2892 beatissim

1479 2922 1575 2948 mus
1610 2909 1703 2950 178.
2402 2939 2403 2943 =

1430 2989 1476 2994 —
1508 2965 1733 3017 vendicat,
1779 2978 1827 3006 se
1864 2978 1959 3007 esse
1997 2970 2214 3007 sectarum
2244 2968 2393 3019 patro-

1478 3036 1585 3063 num
1616 3024 1712 3064 305.
2403 3023 2405 3026 ’

1422 3080 1458 3120 81
1487 3080 1671 3145 quilibet
1700 3103 1754 3109 —
1785 3092 1973 3133 sequens
2001 3080 2057 3121 sit
2083 3079 2297 3134 legittime
2325 3078 2389 3120 vi-

1479 3138 1620 3178 carius
1650 3137 1692 3178 8.
1723 3137 1845 3178 Petri
1877 3137 2078 3178 catholici
2096 3136 2282 3178 studere
2313 3135 2395 3180 de-

1479 3195 1585 3235 bent
1615 3195 1711 3236 288.
2396 3222 2399 3227 ·

1421 3252 1531 3292 sicut
1569 3275 1622 3281 —
1668 3251 1852 3305 quilibet
1883 3250 2084 3292 sacerdos
2116 3263 2411 3306 sacramenq·

1479 3309 1675 3350 conferre
1703 3313 1847 3362 potest
1875 3309 1972 3350 259.
2406 3306 2407 3309 '

1421 3367 1542 3420 Pape
1572 3366 1734 3420 pedum
1763 3366 1979 3407 osculacio
2011 3367 2107 3407 690.

1424 3446 1476 3452 —
1507 3423 1626 3464 bulle
1657 3423 1767 3464 false
1800 3424 1894 3464 130.

1378 3501 1381 3520 i
1424 3503 1477 3510 —
1508 3485 1645 3521 status
1676 3485 1720 3521 et
1749 3479 1941 3521 officium
1969 3480 2241 3534 superfluum
2270 3479 2368 3521 692.
2409 3479 2413 3482 “
2495 3469 2499 3532 ξ

2494 3534 2500 3679 l
