2528 4074
300 405 402 452 400
719 399 764 438 J.
805 398 1036 444 WIOLJF,
1067 397 1158 437 DE
1187 396 1544 436 SOLUTIONE
1573 395 1874 436 SATANAE.
2102 390 2210 447 [cap.
2239 393 2302 432 II

441 544 570 594 Cum
621 538 829 607 igitur⁵⁹
880 558 1092 606 regnum
1130 538 1319 604 Anglie
1373 539 1636 589 annuatim
1674 539 1933 605 expendat
1967 539 2020 588 in
2057 539 2297 589 ministris

299 631 542 681 anticristi
593 636 668 678 tot
712 628 853 677 milia
890 643 1176 676 marcarum
1215 624 1466 675 subducta
1502 626 1673 674 mania
1711 622 2058 685 anticristiva,l
2107 625 2161 674 in
2197 642 2299 691 qua

298 722 539 766 cecantur
589 714 801 774 occidui,
857 713 1125 776 diligenter
1174 696 1464 776 inquireret,
1521 711 1644 776 quid
1695 711 1760 761 sit
1808 710 1951 771 illud,
2006 710 2141 776 quod
2190 716 2298 760 tam

298 807 591 866 sumptuose
629 804 926 849 consecrant
962 813 1117 861 regno
1156 813 1260 846 su0.
2143 808 2148 812 ·
2430 862 2434 865 Α

439 886 562 935 Ideo
614 901 771 948 reges,
813 883 981 942 duces,
1023 882 1231 932 comites
1268 889 1319 932 et
1355 882 1444 931 alii
1481 881 1734 932 seculares
1773 881 1961 931 domini
2007 887 2059 930 et
2095 880 2296 931 domine
2342 887 2367 924 5
2425 888 2446 931 ’ἡ

296 973 544 1021 instarent
574 969 790 1019 fideliter
827 967 962 1017 circa
993 964 1196 1017 istud.⁶⁰
1273 967 1417 1017 Sicut
1454 967 1587 1017 enim
1639 985 1741 1017 una
1793 974 1940 1032 gutta
1990 983 2092 1015 non
2145 972 2299 1016 cavat

296 1058 536 1123 lapidem,
578 1055 667 1105 sed
703 1060 963 1118 guttarum
1001 1070 1303 1117 magnarum
1341 1061 1392 1102 et
1430 1070 1706 1118 parvarum
1743 1052 2032 1129 multitudo,
2073 1067 2170 1118 que
2207 1051 2298 1100 mi-

296 1143 456 1192 nutim
511 1149 561 1191 et
598 1141 764 1206 sepius
803 1138 1032 1192 cadendo
1071 1139 1254 1189 incutit
1289 1138 1418 1188 illud
1456 1156 1658 1200 saxum,
1715 1139 1786 1189 sic
1822 1133 2130 1188 instancia⁶¹
2169 1136 2297 1187 mul-

296 1236 462 1277 torum
500 1234 551 1276 et
585 1242 884 1290 magnorum
910 1223 1136 1273 fidelium
1161 1225 1215 1273 in
1238 1225 1337 1274 ista
1361 1225 1574 1290 perfidia
1600 1226 1930 1289 extingweret
1959 1223 2294 1274 anticristum.
2415 1284 2418 1286 ,

295 1315 405 1363 Nec
457 1313 679 1372 videtur,
735 1310 870 1377 quod
918 1309 994 1358 illi
1047 1310 1147 1359 sint
1196 1309 1371 1360 fideles
1427 1327 1492 1360 ex
1528 1318 1675 1376 parte
1727 1309 1918 1359 domini
1967 1308 2086 1359 Iesu
2126 1307 2293 1370 cristi,
2316 1315 2369 1376 ¹⁰.
2426 1307 2453 1373 ¹:

297 1399 382 1465 qui
419 1415 521 1448 non
555 1397 736 1447 iuvant
773 1396 840 1445 ad
875 1395 1026 1445 istam
1063 1395 1277 1446 heresim
1318 1396 1698 1446 confutandam.
1774 1396 1967 1460 Magog
2004 1395 2160 1456 enim,
2200 1395 2296 1445 hoc

296 1491 373 1534 est
409 1484 471 1533 de
508 1489 657 1543 tecto,
705 1482 937 1548 quamvis
974 1481 1041 1531 ad
1077 1487 1278 1547 tempus
1315 1482 1572 1532 modicum
1624 1481 1906 1531 abscondat
1943 1497 2060 1530 suas
2095 1481 2298 1531 hereses

296 1577 447 1636 atque
484 1568 763 1635 ypocrises,
812 1584 1018 1617 necesse
1069 1574 1146 1616 est
1195 1574 1367 1617 tamen
1403 1567 1642 1627 finaliter,
1699 1567 1834 1634 quod
1885 1566 2056 1616 omnia
2091 1567 2146 1616 in
2182 1566 2296 1618 luce

297 1655 594 1714 clarescant,
633 1660 740 1703 tam
778 1654 1032 1713 veritates,
1073 1670 1226 1718 quam
1264 1653 1426 1703 eciam
1462 1652 1728 1702 falsitates.

438 1740 569 1805 Eya,
609 1739 794 1789 milites
821 1738 988 1799 cristi,
1028 1746 1085 1787 ut
1121 1738 1211 1786 filii
1247 1738 1390 1798 lucis,
1431 1738 1563 1788 sicut
1599 1738 1812 1787 mandat
1849 1738 2162 1804 apostolus,m
2195 1755 2298 1788 am·
2317 1745 2367 1782 15

295 1826 492 1886 bulate‚
533 1832 584 1875 et
619 1825 800 1875 saltem
852 1824 1196 1874 subtrahendo
1235 1841 1266 1874 a
1301 1824 1494 1889 Magog
1531 1824 2047 1874 communicacionem
2088 1831 2140 1874 et
2175 1830 2297 1874 tem-

295 1912 470 1978 porale
520 1911 831 1976 suffragium,
887 1927 1145 1976 quousque
1189 1910 1454 1961 veritatem
1491 1910 1609 1960 fidei
1646 1905 1791 1959 sue⁶²
1829 1909 2092 1970 detexerit,
2147 1926 2298 1960 excu-
2471 1926 2487 1949 ‹

296 1999 385 2048 tite
423 1998 701 2048 orthodoxe
739 1997 856 2046 fidei
892 1997 1059 2046 lucem
1097 1993 1338 2046 veram.⁶3

1190 2082 1339 2132 Ludo
1377 2078 1686 2132 swietcom⁶4

1191 2168 1413 2218 Plexicit
1449 2169 1512 2218 de
1551 2168 1778 2219 Sanetha
1813 2165 2155 2219 Enciosolu.⁶'⁵
2314 2175 2370 2214 ‘20
2474 2203 2476 2207 ,

656 2308 667 2334 ¹
696 2326 758 2364 ep.
789 2312 912 2351 above
930 2312 1005 2351 De
1034 2315 1191 2363 quatt.
1224 2312 1391 2351 Sectis
1420 2325 1521 2351 nov.
1552 2326 1643 2364 cap.
1665 2312 1727 2351 II
1743 2325 1790 2364 p.
1811 2315 1895 2352 244
1925 2315 2018 2352 note
2041 2325 2069 2351 a
2173 2315 2205 2334 ”⁸
2234 2325 2298 2364 cp.

585 2385 694 2436 Eph.
726 2388 765 2430 5,
797 2388 842 2431 8,·
875 2384 908 2422 Ι
937 2383 1070 2423 Thess.
1103 2388 1142 2435 5,
1174 2388 1198 2425 5

414 2510 450 2535 5⁹
478 2512 610 2567 igitur
627 2511 734 2571 OD&
807 2527 910 2568 ergo
926 2515 1062 2554 ΑΕΚ
1187 2511 1222 2535 ⁶⁰
1251 2513 1367 2554 istud
1383 2511 1579 2570 AODEffl
1651 2513 1838 2554 istudem
1854 2515 1903 2553 K
2021 2511 2056 2535 ⁶¹
2086 2513 2301 2554 instancia

301 2583 498 2642 AODEss
574 2586 621 2625 in
650 2599 731 2626 con
752 2585 850 2638 (con
870 2600 927 2625 er.
949 2587 1047 2636 out)
1077 2585 1355 2625 instanciaK
1478 2582 1515 2606 ⁶2
1543 2599 1621 2626 sue
1638 2587 1852 2625 AODEK
1919 2600 1994 2626 om.
2011 2583 2062 2643 β,
2093 2585 2164 2626 but
2190 2599 2298 2626 corr.

299 2658 384 2696 into
414 2659 479 2696 the
499 2661 585 2696 tecet
604 2657 652 2710 by
682 2655 731 2714 45³2
833 2654 868 2679 ⁶3
897 2670 1046 2698 veram
1065 2658 1143 2695 CK
1196 2669 1346 2697 veram
1376 2662 1455 2697 etc.
1474 2655 1592 2715 ΑΕβ
1649 2670 1799 2698 veram
1830 2662 1910 2698 etc.
1943 2662 1987 2698 et
2015 2657 2077 2698 sic
2107 2661 2174 2698 est
2201 2656 2300 2697 finis

300 2727 427 2768 huius
455 2733 664 2770 tractatus
679 2730 723 2768 D
812 2726 846 2750 ⁶⁴
876 2730 971 2782 only
997 2730 1041 2768 in
1063 2730 1113 2776 O;
1145 2729 1457 2775 old-bohemiam,
1482 2731 1687 2782 perhaps.-
1718 2744 1746 2768 a
1774 2730 1933 2769 witness
1962 2733 2004 2769 to
2034 2731 2101 2769 the
2123 2729 2297 2782 people5

300 2799 346 2851 if
365 2813 429 2846 so,
473 2802 539 2840 the
567 2804 643 2840 two
673 2801 808 2839 words
837 2815 911 2840 are
933 2801 1159 2853 purposely
1197 2802 1340 2845 chosen
1373 2801 1421 2853 by
1452 2802 1517 2840 the
1554 2802 1705 2853 σοφίαν,
1748 2802 1819 2854 for
1849 2802 1897 2854 by
1937 2802 2197 2853 trwnsposinq
2233 2802 2300 2841 the

299 2872 430 2923 single
457 2872 598 2911 letters
626 2873 717 2925 they
746 2873 869 2912 read:
908 2871 963 2912 de
994 2872 1201 2912 soluciom
1221 2873 1327 2923 (ne)
1347 2872 1435 2923 W(
1436 2873 1538 2925 ielif
1531 2873 1559 2923 )
1695 2869 1731 2894 ⁶⁵
1760 2874 1787 2912 i.
1809 2888 1841 2913 e.
1871 2872 2062 2926 Explicit
2091 2871 2146 2913 de
2176 2871 2299 2913 Solu-

301 2941 425 2982 cione
453 2942 644 2984 Sathane
701 2943 977 2984 Tractatulus
1008 2943 1062 2983 de
1092 2957 1208 2984 nova
1233 2944 1560 2997 prevaricancia
1593 2944 1896 2985 mandatorum
1912 2947 1955 2984 A
2014 2958 2090 2984 om.
2109 2945 2154 2984 D
2212 2944 2296 2986 Ex·
2427 2990 2429 2997 ἲ

300 3014 420 3067 plicit
448 3014 503 3055 de
540 3014 759 3056 solucione
795 3014 986 3055 Sathane
1022 3015 1179 3069 Incipit
1216 3015 1270 3056 de
1307 3020 1474 3070 septem
1512 3015 1635 3056 donis
1666 3016 1848 3070 Spiritus
1885 3015 2046 3067 sancti,
2092 3028 2187 3070 cap.
2219 3015 2303 3056 11«)
2423 3068 2427 3078 Δ
2480 2991 2488 3102 ι

359 3086 428 3126 De
456 3087 706 3141 purgatorio
721 3089 771 3127 K
837 3085 891 3128 de
921 3087 1238 3128 vaticinacione
1269 3088 1461 3141 capitula
1490 3088 1576 3128 duo
1597 3086 1627 3147 β
2427 3087 2429 3091 ”

2479 2931 2486 2986 -m
