2528 4074
339 412 442 459 840
682 433 698 452 φ
1061 407 1357 447 GENERAL
1387 407 1603 448 INDEX.

336 550 550 604 Ypocrisis
577 554 791 592 sectarum
819 549 866 590 in
893 549 1096 604 largitate
1121 549 1294 591 habitus
1379 550 1581 604 Ypocrite
1611 551 1764 591 fratres
1796 550 1973 592 horrent
1999 537 2147 594 vocari
2169 552 2217 595 in
2240 565 2336 607 pre—

393 607 536 648 celata
563 608 586 648 7
591 608 660 649 05.
1418 607 1806 663 -senciapopulari
1835 609 1901 650 16.

339 688 391 695 —-
422 665 673 718 procuracio
706 665 800 706 195.
1379 688 1433 694 -——
1462 669 1564 706 sunt
1590 671 1709 708 secte
1738 667 1812 719 31;
1843 666 1920 720 43;
1951 666 2020 708 51.
2061 665 2064 669 ’

337 745 389 751 -
419 722 639 776 signorum
667 723 764 764 394.
1379 744 1429 751 -
1461 722 1507 762 in
1535 723 1710 777 sepibus
1736 723 1923 764 latentes
1954 724 2048 765 102.

337 803 389 808 -
422 783 488 820 881
524 779 637 820 falsa
669 779 906 832 simulaeio
923 780 1164 821 sanctitatis
1193 782 1290 822 470.
1377 802 1432 808 -
1462 780 1681 821 manifesti
1710 782 1805 823 119.

339 859 390 865 -
422 841 488 877 881
515 837 732 877 contraria
760 836 897 878 Cristo
926 838 1023 878 470.
1377 856 1431 865 —
1460 837 1507 876 in
1535 838 1664 878 sectis
1690 838 1948 892 regulariter
1973 842 2160 892 peccant
2189 838 2285 880 145.

335 917 390 923 —
421 894 503 935 deo
533 894 709 938 veritati
736 895 966 947 opponitur
994 895 1091 936 470.
1377 894 1662 947 Ypocriticam
1699 899 1744 935 et
1778 895 1988 936 incertam
2026 900 2190 937 sectam
2217 900 2334 936 secte

336 974 389 980 —-
419 956 647 1017 peccatum
676 951 815 1005 magis
843 956 909 991 est
936 951 1118 1005 sugibile
1148 953 1245 993 471.
1435 951 1603 1005 eligunt
1632 953 1700 993 31.

336 1031 390 1037 —
419 1012 536 1048 secte
563 1008 700 1061 prime
733 1009 827 1048 195.
1378 1008 1518 1048 ——tice
1547 1008 1701 1049 fratres
1728 1021 1944 1063 pauperes
1971 1009 2161 1064 spoliant
2188 1011 2285 1052 371.

335 1088 387 1095 ——
418 1065 627 1119 pervertit
655 1065 850 1105 ordinem
879 1064 1075 1106 divinum
1104 1067 1201 1107 470.
1376 1065 1507 1105 —tici
1535 1065 1777 1106 ascendunt
1805 1066 1864 1106 ad
1891 1080 2047 1122 corpus
2075 1066 2204 1111 Gristi
2232 1068 2330 1109 384.

333 1136 411 1175 per
440 1122 576 1162 —sim
602 1126 722 1162 secta
749 1126 907 1175 quarta
926 1116 1085 1163 multos
1121 1122 1291 1164 seducit
1376 1121 1567 1163 -ticum
1596 1135 1736 1177 genus
1765 1127 1868 1164 sunt
1894 1128 2014 1166 secte
2045 1125 2142 1167 140.

391 1180 488 1220 252.
1377 1179 1624 1232 Ypostatice
1644 1179 1808 1222 Cristus
1836 1180 1990 1223 deitati
2006 1181 2235 1236 copulatus
2253 1182 2336 1223 fuit

331 1249 410 1290 per
438 1260 491 1265 -
522 1240 639 1277 secte
669 1241 770 1277 sunt
798 1237 1007 1277 absconse
1039 1239 1134 1279 136.
1431 1238 1528 1278 266.

335 1294 426 1334 ——si
454 1293 674 1334 mediante
703 1294 936 1335 mendaces
965 1299 1084 1335 secte
1113 1295 1288 1336 suborte
1375 1295 1558 1335 Yronice
1594 1295 1641 1335 in
1675 1289 1862 1349 sriptura
1889 1295 1945 1337 de
1981 1300 2170 1350 quatuor
2204 1297 2334 1339 sectis
2416 1320 2418 1322 >

388 1355 490 1391 sunt
519 1352 616 1392 393.
1431 1352 1577 1406 agitur
1602 1354 1702 1395 268.

330 1408 376 1448 111
406 1431 460 1437 --
490 1412 610 1449 secta
639 1413 795 1462 quarta
821 1409 1048 1450 habundat
1076 1410 1174 1451 252.

330 1466 535 1520 Ypocrita
561 1466 781 1520 postponit
807 1467 970 1507 bonum
997 1471 1173 1521 propter
1200 1480 1289 1508 ma·
1824 1479 1878 1524 z,

386 1523 478 1563 lum
506 1524 604 1564 471.

332 1585 456 1621 ——tas
473 1580 519 1620 in
540 1581 751 1635 dignitate
765 1581 1035 1635 prepositure
1048 1594 1290 1635 preponere
1374 1580 1529 1622 Zelare
1557 1595 1635 1635 pro
1656 1594 1799 1622 errore
1818 1582 1865 1622 in
1884 1581 1974 1623 suis
1991 1581 2215 1625 ordinibus
2236 1550 2333 1625 145.

389 1639 484 1679 171.
1377 1638 1612 1680 -landum
1646 1639 1836 1680 maxime
1872 1644 1939 1680 est
1971 1652 2050 1693 pro
2084 1639 2334 1682 salvacione

331 1717 386 1724 —
416 1708 600 1750 arguere
629 1695 736 1736 dure
764 1708 942 1737 necesse
974 1700 1039 1736 est
1069 1697 1136 1737 15.
1327 1703 1333 1774 Ι
1431 1695 1592 1737 ordinis
1620 1696 1717 1738 227.
2350 1718 2357 1723 -

332 1775 386 1781 -
417 1752 579 1793 Cristus
608 1757 737 1794 vocat
764 1765 867 1815 sepe
897 1757 1038 1794 sectas
1069 1754 1136 1794 16.

1153 1884 1507 1891 ——.—-—.

898 2023 987 2091 Ey
1023 2025 1123 2076 wie
1158 2022 1257 2076 vr&
1293 2003 1382 2076 ich
1418 2042 1545 2089 waS‚

898 2110 988 2162 Do
1026 2109 1114 2162 ich
1151 2110 1385 2163 schreib:
1425 2111 1549 2163 Deo
1587 2111 1802 2179 gratias,
