2528 4074
853 380 1157 421 GENERAL
1187 376 1409 420 INDEX.

133 528 279 571 Causa
308 527 514 568 discrasie
545 525 732 568 ecclesie
764 524 862 567 564.

132 610 188 618 —
219 585 445 627 divisionis
473 585 521 625 in
546 582 737 625 ecclesia
762 582 982 624 militante
1013 583 1111 624 671.

43 652 50 678 ·,
133 668 187 676 -
216 643 378 698 triplex
408 641 677 684 extensionis
711 653 830 695 pape
859 652 993 694 supra
1023 639 1114 682 Cri-

190 707 326 754 stum,
357 702 539 742 Petrum
570 703 615 740 et
644 699 864 754 apostolos
895 699 994 741 688.

32 775 33 780 ¹
133 774 216 803 -e
245 759 462 802 bellorum
497 759 596 801 688.

47 815 50 818 ’
134 842 190 850 -
218 817 324 860 fidei
351 817 564 871 scripture
596 820 642 857 et
669 814 787 858 racio
821 816 918 857 148.

132 876 319 920 Cautela
346 874 600 916 tradicionis
629 874 824 916 humane
857 874 953 915 133.

132 959 187 967 --
219 934 398 989 dyaboli
441 933 524 975 scit
560 932 834 974 abscondere
877 936 1112 987 peccatum

189 992 374 1035 ecclesie
406 994 474 1033 91.

54 1070 58 1114 }
131 1075 186 1083 --
216 1055 262 1093 et
289 1050 500 1105 ypocrisis
530 1049 712 1104 dyaboli
747 1049 915 1092 colorat
935 1062 1111 1106 errores

186 1114 408 1152 sectarum
440 1110 537 1151 174.

127 1193 188 1200 —-
217 1167 398 1222 dyaboli
427 1169 525 1209 166.

130 1227 298 1269 Cavere
329 1226 386 1267 de
415 1226 578 1267 iniuria
606 1225 796 1281 proximi
826 1226 924 1267 133.

130 1289 295 1327 —vent
338 1284 580 1339 prudentes
626 1284 732 1327 dare
777 1283 1010 1326 consilium
1055 1282 1111 1324 de

185 1344 328 1386 salute
358 1343 506 1385 anime
538 1343 637 1385 527.

66 1403 67 1406 ’
132 1402 363 1456 Caynitica
392 1406 539 1443 castra
569 1403 668 1444 195.

129 1484 185 1492 -—
216 1460 401 1502 castella
430 1461 500 1502 40.

94 1549 99 1553 -
129 1519 314 1561 Cecacio
330 1519 569 1560 manifesta
577 1518 771 1560 demonii
778 1518 1034 1560 meridianil
1043 1519 1111 1560 38.

129 1578 349 1620 Cecantur
379 1577 555 1631 occidui
581 1578 630 1618 in
658 1577 810 1619 mania
838 1577 1114 1619 anticristiva

130 1638 473 1736 ...ffgecffisssie
505 1707 674 1736 errores
706 1695 804 1736 178.

62 1765 65 1769 ·
129 1753 338 1796 Cecitatis
367 1758 590 1795 sectarum
619 1753 875 1795 obscuracio
908 1753 1021 1794 174.v

131 1812 272 1854 Cecus
304 1825 414 1867 equs
443 1812 492 1852 in
520 1812 628 1867 biga
657 1811 807 1853 audax
837 1815 906 1852 est
935 1811 1033 1854 267.

129 1871 305 1913 Celacio
325 1870 632 1925 phariseorum
651 1871 698 1911 in
717 1870 819 1926 lege
840 1870 984 1912 veteri
1016 1870 1114 1912 175.

129 1929 285 1971 Celum
321 1934 525 1970 sanctum
561 1929 724 1971 mansit
760 1933 860 1984 post
902 1929 1116 1984 privacio-

186 2001 292 2029 nem
320 1988 452 2043 primi
481 1988 634 2043 angeli
663 1989 762 2030 261.

128 2047 176 2088 in
209 2046 309 2088 —lo
341 2051 408 2088 est
438 2060 597 2102 corpus
628 2047 796 2088 domini
825 2047 924 2089 384.

135 2105 332 2148 Censure
362 2104 465 2146 ficte
485 2119 577 2147 non
595 2110 760 2147 nocent
778 2104 985 2146 fidelibus
1016 2106 1115 2147 557.

129 2163 320 2206 Centum
350 2163 480 2205 solidi
510 2164 824 2219 expenduntur
860 2176 888 2205 a
917 2163 1118 2219 quolibet

189 2223 326 2264 fratre
358 2224 455 2264 193.

130 2281 392 2323 Ceremonie
422 2281 536 2337 legis
565 2281 729 2323 veteris
759 2281 919 2323 cessari
952 2252 1115 2322 debue-

188 2345 294 2381 runt
322 2341 432 2394 4793
464 2341 563 2382 289.

130 2399 284 2439 —nias
312 2411 453 2440 novas
481 2398 770 2440 introducunt
789 2399 986 2453 episcopi
1015 2399 1114 2441 262.

59 2488 61 2490 -
132 2470 162 2500 a
191 2457 334 2498 —niis
362 2457 549 2498 iudaicis
577 2457 708 2499 liberi
726 2456 882 2499 fideles
912 2459 982 2500 91.

132 2516 402 2558 Cerevisiam
432 2516 527 2558 sive
548 2517 704 2558 vinum
731 2529 823 2557 non
851 2516 965 2558 bibit
993 2519 1117 2558 secta

185 2573 457 2616 Machometi
484 2576 554 2617 30.

131 2633 317 2675 Cesares
347 2637 500 2675 monet
526 2646 646 2689 papa
674 2634 733 2676 ad
753 2633 1006 2676 ducendum
1035 2634 1119 2675 sibi

188 2692 365 2733 frenum
395 2693 495 2734 690.

130 2750 247 2791 -ris
292 2751 557 2792 intoxicacio
594 2751 643 2792 in
679 2750 824 2793 hostia
860 2755 1118 2794 consecrata

125 2867 176 2909 in
206 2891 262 2897 —
293 2871 481 2909 mortem
510 2868 765 2923 conspirant
799 2868 975 2910 ordines
1017 2869 1116 2910 227.

131 2925 347 2968 Cesareus
377 2927 582 2968 sacerdos
609 2927 701 2969 late
722 2927 989 2983 dispergitur
1018 2928 1117 2970 243.

131 2984 315 3026 Cessare
353 2985 520 3028 debent
553 2986 821 3028 tradiciones
851 2986 1120 3028 ceremonia-

58 3084 61 3085 .
190 3043 257 3084 les
286 3044 386 3086 289.

131 3106 269 3143 —ant
298 3099 490 3158 collegia
517 3102 706 3145 fundata
734 3103 834 3146 269.

131 3183 189 3190 —
217 3160 266 3201 in
293 3161 459 3216 Anglia
487 3162 687 3204 cantarie
726 3162 825 3205 269.

132 3218 268 3260 Cetus
312 3219 605 3261 cardinalium
646 3221 695 3261 in
739 3233 850 3262 sexu
892 3232 1009 3276 pape
1053 3232 1120 3262 se-

192 3277 351 3320 ductus
382 3279 480 3320 619.

134 3334 312 3377 Cibaria
340 3336 589 3378 ministrare
619 3337 805 3379 ecclesie
838 3337 936 3378 142.

134 3395 209 3435 —i
237 3395 565 3450 presumptuosi
593 3395 798 3438 ordinum
827 3397 927 3438 531.

134 3452 190 3495 de
222 3453 317 3495 -is
356 3453 559 3495 omnibus
594 3453 917 3497 sufficientibus
947 3466 1027 3496 suo
1058 3454 1120 3496 of-

192 3510 292 3553 ficio
338 3511 543 3567 discipuli
580 3511 710 3555 Cristi
753 3513 1002 3555 contentari
1046 3513 1119 3555 de-

191 3570 301 3612 bent
329 3571 428 3613 371.

2081 380 2183 428 733

1203 521 1413 562 Ciborum
1443 519 1720 560 abstinencia
1750 521 1819 561 36.

1203 578 1486 620 Circularitas
1515 578 1637 618 botte
1669 577 1776 631 quid
1805 583 2042 619 attestatur
2085 580 2183 621 535.

1203 636 1496 690 Circumsepti
1516 635 1691 676 ordines
1712 636 1979 676 iuvamentis
2000 636 2185 678 ecclesie

1262 699 1307 736 et
1336 693 1589 735 racionibus
1618 694 1849 735 vivacibus
1880 695 1949 735 89.

1202 753 1260 794 ad
1282 752 1721 794 Circumvencionem
1743 751 2074 806 dampnabilem
2102 753 2186 794 fra-

1259 815 1350 852 tres
1381 810 1572 865 collegia
1602 811 1873 852 necessitant
1903 811 2002 852 254.

1202 869 1403 912 Cisterne
1435 868 1644 923 dissipate
1678 869 1945 910 tradiciones
1983 869 2189 910 dicuntur

1202 986 1368 1028 Citacio
1398 986 1472 1028 dei
1502 986 1600 1028 547.

1201 1069 1256 1076 —
1290 1045 1363 1087 dei
1391 1058 1497 1100 sepe
1529 1044 1791 1086 citacionem
1810 1044 2081 1099 prelatorum
2101 1044 2188 1085 fru-

1261 1109 1370 1145 strat
1401 1105 1500 1146 548.

1202 1163 1330 1204 —cio
1361 1162 1561 1204 fidelium
1590 1175 1670 1216 per
1698 1174 1861 1217 papam
1893 1163 1990 1204 689.

1202 1244 1256 1250 —
1287 1220 1722 1262 irracionabilissima
1749 1220 2020 1274 prelatorum
2051 1221 2150 1262 547.

1202 1303 1257 1308 —
1288 1293 1379 1321 non
1409 1279 1679 1321 auctorizata
1709 1291 1737 1319 a
1766 1279 1869 1320 Iesu
1902 1279 2042 1320 Cristo
2088 1280 2186 1321 551.

1202 1362 1256 1368 —
1289 1352 1380 1379 non
1398 1343 1579 1392 propter
1594 1337 1924 1379 edificacionem
1942 1338 2089 1380 anime
2111 1338 2188 1380 sed

1262 1402 1442 1452 propter
1471 1409 1651 1438 causam
1682 1396 1961 1449 dyabolicam
1993 1398 2090 1438 550.

1204 1456 1411 1497 —ciones
1443 1455 1676 1509 dyabolice
1707 1460 1753 1495 et
1782 1455 2008 1496 mundane
2040 1457 2138 1497 549.

1201 1516 1249 1556 in
1273 1514 1530 1555 —ci'onibus
1554 1526 1671 1568 pape
1695 1513 1894 1555 condicio
1919 1514 2190 1555 anticristiva

1260 1573 1416 1628 patula
1447 1578 1514 1614 est
1545 1574 1644 1615 689.

1204 1633 1365 1685 Citare‚
1401 1631 1508 1686 quid
1539 1636 1606 1672 est
1636 1632 1734 1672 547.

1205 1691 1340 1732 ——ndi
1367 1690 1556 1732 licencia
1586 1703 1614 1730 a
1643 1703 1731 1744 quo
1763 1691 1861 1731 550.

1206 1750 1451 1792 Citatorum
1481 1748 1787 1804 peregrinacio
1820 1749 1918 1790 551.

1210 1833 1264 1838 —
1296 1809 1459 1863 triplex
1490 1807 1723 1849 excusacio
1744 1807 1854 1849 555.

1207 1866 1443 1909 Civitatem
1480 1871 1737 1907 manentem
1776 1866 1996 1920 apostolos
2026 1865 2191 1908 habere

1267 1926 1433 1967 Cristus
1463 1925 1605 1966 noluit
1636 1926 1734 1966 369.

1208 1984 1413 2026 Claustra
1443 1984 1628 2025 fratrum
1658 1983 1727 2025 47.

1207 2043 1479 2085 Claustrales
1500 2042 1703 2097 impediti
1723 2047 1827 2083 sunt
1857 2042 2091 2097 suffragari
2120 2044 2190 2084 49.

1209 2126 1263 2132 -
1297 2101 1510 2143 deficiunt
1539 2102 1586 2141 in
1616 2114 1802 2142 numero
1833 2102 2038 2150 etmodo
2070 2102 2168 2143 525.

1206 2185 1263 2191 -
1295 2161 1456 2202 inclusi
1486 2161 1532 2201 in
1563 2160 1753 2201 claustro
1787 2160 1884 2201 683.

1210 2220 1370 2261 —liter
1399 2219 1641 2260 militantes
1672 2223 1776 2259 sunt
1803 2219 1983 2273 pessimi
2013 2219 2111 2261 213.

1207 2278 1464 2320 Clemencia
1492 2278 1701 2318 trinitatis
1732 2278 1831 2319 208.

1209 2361 1260 2368 -
1295 2337 1473 2392 spiritus
1503 2337 1646 2378 sancti
1674 2349 1840 2391 magna
1870 2340 1937 2377 est
1966 2337 2064 2378 214.

1207 2420 1261 2426 -
1295 2395 1603 2451 appropriatur
1631 2395 1805 2450 spiritui
1833 2400 1986 2436 sancto
2017 2395 2116 2436 422.

1206 2455 1332 2496 —cie
1364 2454 1437 2496 dei
1467 2454 1725 2495 contrariari
1754 2454 1852 2495 214.

1207 2513 1402 2556 Clericus
1433 2526 1490 2554 ne
1521 2513 1706 2567 spoliato
1738 2513 1855 2553 ultra
1882 2512 2032 2568 legem
2064 2512 2194 2554 Cristi

1205 2633 1306 2672 —ci
1337 2631 1545 2672 deferunt
1574 2630 1836 2671 thezaurum
1873 2643 2002 2671 suum
2032 2629 2091 2671 ad
2120 2643 2193 2671 cu-

1262 2691 1374 2731 riam
1404 2691 1503 2731 244.

1208 2772 1262 2778 —
1293 2753 1504 2790 tenentur
1534 2748 1618 2788 niti
1638 2747 1863 2789 destruere
1883 2747 2062 2789 hereses
2092 2748 2192 2789 432.

1207 2832 1263 2837 —
1294 2807 1449 2849 fideles
1479 2806 1668 2848 heretici
1698 2807 1809 2848 false
1839 2812 2056 2848 vocantur
2092 2808 2191 2848 461.

1207 2890 1262 2896 -—
1294 2866 1352 2907 ad
1389 2871 1573 2917 statum,
1621 2878 1755 2920 quem
1787 2865 1954 2907 Cristus
1989 2866 2194 2917 instituit,

1263 2925 1504 2967 reducendi
1536 2925 1634 2966 419.
2173 2955 2180 2961 .

1210 3007 1259 3013 -
1294 2984 1403 3039 quid
1440 2983 1511 3025 die
1558 2982 1704 3024 finalis
1748 2982 1900 3024 iudicii
1942 2983 2196 3037 responsuri

1265 3043 1353 3084 sint
1383 3044 1482 3084 246.

1209 3124 1263 3131 -—-
1295 3106 1525 3156 exponunt
1564 3114 1612 3142 se
1642 3100 1852 3155 periculis
1880 3104 1997 3141 terre
2029 3105 2074 3141 et
2103 3113 2194 3141 ma-

1266 3161 1325 3202 ris
1357 3161 1456 3202 217.

1211 3242 1265 3248 —
1297 3219 1513 3260 mundani
1543 3223 1588 3259 et
1616 3217 1771 3259 fideles
1802 3217 1932 3259 Cristi
1961 3219 2059 3260 219.

1210 3300 1264 3307 —
1299 3277 1429 3319 Cristi
1457 3291 1566 3319 num
1595 3282 1699 3317 sunt
1727 3276 1897 3317 ditandi
1928 3277 2025 3318 702.

1210 3360 1263 3366 -
1298 3337 1470 3378 dotacio
1502 3349 1559 3377 ex
1588 3335 1832 3376 redditibus
1861 3336 1978 3391 regis
2009 3336 2106 3378 245.

1211 3417 1266 3425 —
1298 3395 1470 3437 cesarei
1500 3395 1571 3435 ale
1601 3407 1718 3449 pape
1753 3395 1852 3435 130.

1210 3478 1265 3484 -
1297 3454 1462 3496 debent
1512 3466 1568 3495 ex
1617 3453 1720 3508 lege
1771 3452 1938 3493 domini
1992 3453 2195 3494 laborare

1210 3594 1263 3600 —
1297 3571 1462 3613 debent
1491 3571 1644 3612 vivere
1674 3570 1813 3611 vitam
1842 3582 2086 3625 pauperem
2125 3571 2194 3611 95.
