2528 4074
95 376 187 415 cap.
227 358 286 416 V]
665 358 758 398 DE
783 357 996 397 PERFE
1003 357 1236 396 ΟΤΙΟΝΕ
1264 356 1377 396 STA
1386 356 1426 395 T
1430 357 1473 396 U
1477 356 1577 396 ΠΜ.
2018 361 2086 409 46
2098 362 2127 409 9

95 509 363 559 nacionem
400 523 466 556 ex
503 504 802 570 cognicione
813 499 861 530 ²4
899 510 1076 553 eterna
1114 502 1359 554 divinitus
1397 501 1673 567 regularet,
1715 502 1806 552 sed
1844 519 1942 569 que
1968 504 2133 554 maior

95 594 446 663 blasphemia?

240 682 312 733 Et
362 680 586 731 breviter
636 685 855 746 pensata
899 678 1105 728 racione
1144 676 1274 742 legis
1313 676 1506 727 domini
1559 676 1624 726 de
1661 676 1799 726 furto
1838 676 1986 727 bovis
2025 677 2132 728 eius

94 766 233 822 vel²⁵
286 768 430 829 asini,
485 766 738 835 quomodo
791 766 946 818 debet
995 765 1106 815 fieri
1151 764 1459 814 retribucio‘?
1513 763 1618 814 Vel
1671 764 1955 814 secundum
1992 764 2133 830 leges

52 873 77 911 5
95 857 332 924 gencium
383 855 468 904 fur
513 854 668 905 debet
705 853 962 919 suspendi,
1019 852 1303 903 secundum
1341 852 1602 902 racionem
1639 851 1876 918 patulam
1913 851 2075 902 frater
2086 848 2133 879 ²⁶

95 946 167 996 sic
203 943 382 994 furans
418 959 637 1009 puerum
676 940 831 992 debet
866 947 1070 991 tantum
1109 940 1194 990 vel
1234 939 1457 1005 amplius
1497 940 1730 990 cruciari.
1807 939 1920 989 Nec
1959 938 2134 990 subest

94 1031 190 1084 sibi
226 1030 459 1097 fugiendi
494 1030 650 1091 racio,
690 1029 791 1080 nisi
829 1023 1002 1096 quia²⁷
1042 1023 1391 1078 lucrifaciat²⁸
1431 1027 1767 1094 spiritualiter
1796 1044 1955 1092 puero
1984 1034 2036 1077 et
2061 1028 2132 1078 sic

92 1119 228 1187 patri
263 1118 411 1186 pueri
447 1114 532 1168 vel
570 1117 742 1178 tutori,
769 1116 859 1167 sed
886 1133 1003 1166 cum
1030 1132 1135 1165 non
1162 1115 1360 1176 doceat,
1389 1115 1525 1182 quod
1560 1115 1630 1165 sic
1658 1114 1806 1180 fingit
1830 1114 1950 1181 plus
1977 1132 2131 1183 quam

93 1208 271 1258 furans
306 1199 560 1273 bovem‚²·⁹
615 1204 781 1266 docet,
831 1203 968 1271 quod
1008 1203 1293 1253 exhonerat
1308 1198 1354 1229 2⁰
1395 1209 1447 1253 et
1483 1202 1686 1269 proficit
1721 1203 2001 1268 possessori
2038 1221 2132 1254 nec

27 1309 80 1348 ιο
95 1296 167 1346 sic
218 1294 305 1345 vel
340 1299 509 1360 potest
543 1292 644 1342 fide
682 1292 928 1342 iussorem
966 1291 1212 1352 invenire,
1270 1291 1357 1358 qui
1394 1290 1526 1340 illud
1538 1285 1584 1317 21
1623 1290 1891 1356 spirituale
1929 1290 2132 1342 lucrum

94 1383 228 1450 patri
263 1381 350 1432 vel
385 1397 544 1448 puero
581 1386 871 1440 testaretur,
911 1379 1118 1430 videtur
1155 1379 1439 1429 secundum
1459 1378 1629 1444 legem
1671 1378 1753 1428 dei
1780 1385 1831 1428 et
1855 1379 2130 1440 racionem,

95 1470 231 1538 quod
267 1469 387 1519 talis
424 1462 796 1518 fratrifactor²²
833 1484 899 1517 ex
937 1466 1034 1517 hoc
1072 1466 1457 1517 racionabiliter
1493 1464 1752 1532 punietur.

243 1556 300 1608 Si
350 1573 471 1622 ergo
515 1555 635 1606 talis
671 1555 938 1622 phariseus
977 1554 1226 1605 seducens
1264 1570 1482 1620 puerum
1519 1552 1648 1604 facit
1685 1570 1802 1603 eum
1843 1555 2133 1605 occasiona-

71 1645 213 1695 -liter
262 1644 427 1694 filium
479 1643 713 1710 gehenne
756 1642 925 1703 mod0,
982 1659 1082 1709 quo
1122 1640 1320 1693 Cristus
1359 1641 1510 1692 docet
1547 1640 1736 1691 Matth.
1779 1644 1888 1702 23,σ
1940 1649 2132 1710 quanto

28 1745 80 1784 15
96 1731 263 1798 magis
315 1730 471 1782 debet
519 1731 692 1798 puniri
744 1731 912 1782 acrius
965 1747 1031 1781 ex
1084 1747 1177 1780 sua
1214 1729 1606 1796 presumpcione
1645 1728 1966 1795 blasphema,
2017 1748 2133 1781 cum

98 1819 236 1870 ultra
272 1818 458 1870 bovem
495 1818 581 1869 vel
620 1818 820 1868 asinum
858 1817 1085 1885 perdidit
1121 1825 1230 1867 tam
1270 1833 1454 1884 corpus
1494 1834 1649 1884 quam
1696 1817 1923 1868 animam
1960 1818 2135 1868 fratris

98 1907 206 1957 sui?
258 1905 400 1956 Tafis
438 1923 558 1972 ergo
597 1905 931 1972 blasphemus
970 1905 1252 1956 secundum
1291 1905 1461 1970 legem
1498 1911 1725 1956 veterem
1766 1903 1922 1955 debet
1958 1922 1990 1955 a
2026 1912 2134 1956 toto

98 1993 289 2060 populo
326 1993 562 2060 lapidari.

245 2080 515 2132 Secundus
550 2081 678 2131 ritus
716 2079 991 2141 sensibilis,
1034 2080 1101 2130 ad
1140 2097 1292 2147 quem
1330 2080 1557 2145 religiosi
1594 2080 1784 2146 privati
1822 2097 1888 2130 ex
1927 2098 2017 2131 suo
2058 2099 2133 2131 or-

26 2180 83 2220 ‘20
98 2168 218 2218 dine
255 2167 565 2233 obligantur,
606 2174 684 2218 est
718 2163 1113 2218 tradicionum23
1151 2184 1359 2217 suarum
1387 2163 1781 2219 observancia24
1807 2168 1971 2218 eciam
1997 2169 2135 2220 ultra

96 2255 344 2306 mandata
396 2255 632 2321 decalogi
688 2255 774 2307 vel
827 2255 1041 2306 consilia
1058 2250 1104 2282 2⁵
1159 2256 1353 2305 domini
1404 2254 1524 2305 Iesu
1563 2253 1733 2305 Cristi.
1811 2254 1883 2305 Et
1919 2256 2137 2307 tradicio

96 2343 197 2394 ista
232 2343 509 2393 necessitat
542 2343 682 2409 ipsos
718 2343 979 2409 ypocritas
1016 2336 1294 2409 infringere
1332 2343 1638 2393 mandatum
1686 2338 1926 2393 domini.d
1999 2344 2138 2394 Nam

98 2431 347 2499 quidquid
382 2431 437 2480 in
472 2429 844 2482 tradicionibus
883 2431 986 2481 suis
1025 2431 1088 2480 de
1127 2448 1261 2482 novo
1298 2431 1589 2492 instituunt,
1632 2437 1708 2481 est
1719 2425 1767 2458 2⁶
1805 2438 2019 2498 propter
2049 2449 2137 2499 ap-

96 2519 393 2584 parenciam
443 2518 706 2584 religionis
759 2535 913 2584 super
959 2518 1102 2579 alios,
1157 2526 1209 2569 et
1248 2537 1365 2569 cum
1405 2519 1552 2584 signa
1589 2519 1690 2569 ista
1728 2518 1991 2570 sensibilia
2027 2520 2137 2570 infi-

26 2617 81 2657 25
97 2605 237 2657 ciant
275 2605 616 2668 sanctitatem,
656 2612 816 2672 patet,
858 2606 996 2673 quod
1034 2613 1092 2656 ut
1129 2607 1201 2657 sic
1241 2614 1360 2657 sunt
1397 2607 1644 2674 ypocrite.

243 2692 385 2757 Quid
437 2694 588 2755 enim,
628 2711 768 2759 rog0,
822 2693 952 2745 facit
987 2693 1195 2745 habitus
1235 2694 1530 2762 corporalis,
1572 2694 1854 2745 claustrum
1895 2694 2137 2746 sensibile

98 2780 183 2832 vel
234 2798 536 2849 quecunque
588 2781 692 2832 alia
737 2782 955 2832 tradicio
995 2799 1027 2832 a
1063 2781 1310 2834 fratribus
1348 2783 1659 2834 adinventa?
1734 2782 1940 2833 Revera
1977 2783 2138 2833 nichil

95 2867 223 2919 facit
273 2868 340 2920 ad
385 2869 711 2920 sanctitatem
750 2887 942 2930 eorum,
984 2870 1075 2920 sed
1113 2879 1189 2921 est
1225 2871 1473 2937 ypocrisis
1512 2888 1600 2921 sue
1639 2870 1970 2921 manifestum
2007 2871 2138 2921 iudi-

459 3017 475 3036 ⁶
503 3029 539 3055 v.
564 3018 615 3056 15
735 3011 757 3037 ‘⁷¹
786 3029 850 3068 ep.
894 3015 1085 3063 Wilkins,
1118 3016 1237 3078 Cone.
1269 3016 1333 3057 M.
1366 3017 1481 3057 Brit.
1514 3017 1620 3064 ΙΙΙ,
1650 3020 1735 3058 344

214 3128 250 3153 11
280 3131 538 3187 cognicione
556 3129 666 3190 0125
739 3131 1016 3187 cogitacione
1032 3133 1079 3172 Ε
1207 3129 1244 3155 15
1274 3133 1348 3174 vel
1367 3131 1476 3190 ΟΕβ
1551 3145 1604 3173 ac
1619 3134 1666 3172 Ε
1811 3129 1846 3155 ¹⁶
1876 3132 2013 3174 frater
2030 3131 2137 3191 ΟΕβ

155 3204 286 3246 furD
376 3202 412 3227 ¹⁷
442 3204 549 3260 quia
565 3202 675 3264 01)ss
733 3205 873 3260 quiE
959 3201 995 3227 ¹⁸
1023 3204 1272 3247 lucrifaciat
1289 3207 1368 3247 ΟΕ
1422 3205 1641 3247 lucrifacit
1655 3203 1734 3264 Ββ
1839 3202 1874 3228 19
1904 3205 1933 3247 f.
1965 3206 2006 3247 b.
2027 3203 2137 3264 OD&

155 3278 197 3319 b.
229 3278 258 3320 f.
275 3279 322 3319 E
464 3275 503 3301 2⁰
533 3283 747 3321 exonerat
764 3275 874 3336 0125
935 3277 1178 3320 exhonerat
1215 3278 1261 3332 (h
1289 3281 1390 3331 ud.)
1406 3281 1453 3320 Ε
1597 3276 1634 3301 2¹
1664 3278 1774 3320 illud
1792 3279 1870 3319 ΟΕ
1925 3278 2044 3319 istud
2058 3276 2137 3337 Ββ

96 3347 135 3374 ²²
163 3350 428 3392 ftatrifactor
445 3347 555 3409 0126
604 3350 872 3392 fratrifactor
902 3351 1060 3404 (factor
1078 3352 1180 3403 ud.)
1210 3354 1266 3401 Ε,
1295 3354 1339 3393 in
1359 3367 1465 3393 mar.
1487 3354 1523 3393 is
1544 3353 1643 3393 add.
1667 3352 1737 3393 fur
1752 3353 1797 3391 E
1803 3348 1818 3373 1
1938 3348 1975 3373 23
2005 3352 2136 3393 tradi-

97 3424 272 3466 cionum
290 3421 399 3482 0125
470 3423 818 3466 transdicionum
834 3425 881 3464 E
999 3421 1038 3447 24
1065 3425 1110 3465 in
1125 3426 1170 3465 D
1202 3427 1237 3467 is
1267 3427 1367 3466 add.
1397 3426 1442 3466 in
1461 3439 1606 3467 mam.-
1667 3424 1898 3466 Secundus
1917 3423 1981 3466 D¹
2040 3428 2085 3467 in
2105 3424 2136 3485 β

98 3497 142 3538 in
169 3511 297 3538 maa-..-
327 3496 613 3539 Tradiciones
639 3496 943 3553 religiosorum
961 3495 1008 3555 β1
1128 3494 1167 3520 2⁶
1196 3498 1380 3539 consilia
1397 3499 1475 3539 ΟΕ
1546 3497 1792 3539 consimilia
1806 3495 1885 3555 Εβ
2003 3495 2040 3522 2⁶
2071 3504 2138 3540 est

101 3567 210 3626 OD&
269 3574 315 3612 et
330 3571 376 3611 Ε
