2528 4074
144 401 237 440 cap.
276 384 396 442 VH]
586 385 599 397 ⁶
996 380 1069 420 GR
1081 380 1221 420 UOJA
1230 381 1320 420 TA.
2074 385 2177 433 613

145 535 327 602 capitis
366 531 593 584 ecclesie.
655 528 743 578 Ex
781 544 881 594 quo
920 526 1255 587 convincitur,
1296 534 1407 575 tum
1448 527 1585 594 quod
1621 527 1782 578 habet
1815 545 1845 577 a
1885 526 2052 577 Cristo
2091 545 2178 593 po-

142 630 380 673 testatem
431 614 857 670 innumerabilem
909 613 976 664 ad
1030 630 1146 663 suos
1198 613 1386 663 milites
1424 614 1808 679 premiandum,
1865 621 1976 663 tum
2015 614 2179 664 eciam

146 710 281 778 quod
333 701 517 758 debet⁵
563 721 628 754 ex
666 702 908 762 caritate,
966 718 1119 768 quam
1161 700 1316 751 debet
1353 700 1546 751 habere
1588 702 1656 751 ad
1695 701 1849 752 Cristi
1888 701 2178 763 ecclesiam,

145 797 287 848 cuius
338 800 415 845 est
465 797 637 858 caput,
685 790 740 840 in
779 806 936 840 causa
971 789 1071 839 ista
1110 789 1309 854 operari
1348 785 1614 850 viriliter‚⁶'
1667 806 1731 839 ne
1770 789 1948 839 fideles
1987 787 2181 838 subditi

101 895 125 932 5
143 885 244 935 sint
279 875 530 932 heretici.⁷

284 969 388 1018 Hic
425 967 544 1032 sepe
576 966 770 1016 dictum
796 971 888 1026 est,
930 965 1067 1032 quod
1093 982 1188 1015 nec
1215 972 1441 1030 potestas
1469 965 1812 1016 cardinalium
1839 982 1934 1015 nec
1962 964 2180 1015 alicuius

140 1056 356 1108 hominis
395 1055 523 1105 citra
562 1054 715 1104 deum
754 1070 807 1104 se
847 1049 1169 1103 extenderit⁸
1210 1053 1276 1102 ad
1316 1052 1612 1118 eligendum
1640 1053 1725 1104 vel
1764 1053 2180 1104 constituendum

139 1137 480 1213 quemquam⁹
524 1142 579 1192 in
623 1138 836 1208 caput¹⁰
881 1141 966 1193 vel
1011 1139 1299 1191 membrum
1325 1136 1339 1210 Η
1367 1139 1521 1192 Cristi
1567 1141 1798 1192 ecclesie.
1878 1140 2010 1191 Cum
2058 1159 2180 1207 ergo
2203 1157 2218 1201 ιι
2243 1157 2270 1191 0
2291 1158 2473 1200 soz.139z›

139 1231 291 1283 Oristi
336 1230 554 1296 apostoli
593 1247 698 1280 non
736 1229 1001 1280 audebant
1036 1228 1315 1279 Matthiam
1354 1228 1545 1294 eligere
1583 1230 1638 1278 in
1677 1228 1830 1279 Cristi
1871 1229 2177 1294 apostolum,
2258 1291 2269 1313 ὸ

69 1334 121 1374 10
137 1320 226 1371 sed
263 1318 512 1375 mittendo
551 1324 739 1368 sortem
777 1317 1089 1368 eleccionem
1129 1317 1491 1367 commiserant
1517 1317 1722 1367 domino
1750 1317 1869 1369 Iesu
1898 1316 2081 1378 CristQ
2123 1324 2182 1367 ut

134 1414 280 1474 patet
315 1406 436 1456 Act.
468 1401 537 1468 1¹²,
579 1406 690 1474 quis
729 1413 806 1456 est
840 1405 952 1466 ille,
994 1405 1080 1473 qui
1120 1422 1186 1455 ex
1224 1405 1483 1455 eleccione
1522 1405 1705 1455 talium
1746 1405 2089 1456 cardinalium
2130 1412 2182 1455 et

106 1513 201 1549 ,ex
238 1495 347 1546 vita
393 1512 487 1545 sua
532 1501 639 1544 tam
682 1493 842 1545 debili
879 1493 1038 1544 audet
1073 1500 1276 1543 tantum
1317 1493 1587 1544 ecclesiam
1629 1493 1963 1559 perturbare?
2027 1493 2183 1543 Patet

136 1583 342 1650 quidem
382 1600 448 1633 ex
472 1582 588 1643 fide,
630 1581 768 1649 quod
794 1580 950 1632 Cristi
983 1581 1091 1631 vita
1128 1581 1229 1631 fuit
1266 1581 1419 1646 longe
1457 1581 1652 1642 melior,
1695 1599 1851 1649 quam
1878 1588 1955 1631 est
1980 1598 2088 1641 sua,
2131 1588 2183 1630 et

70 1685 83 1691 ⁷
136 1688 251 1721 cum
293 1669 490 1720 Cristus
538 1686 734 1721 summe
779 1670 983 1735 sapiens
1028 1669 1294 1736 prohibuit
1330 1669 1543 1720 Petrum
1585 1669 1844 1721 volentem
1887 1664 2180 1735 pugnarefl

67 1775 119 1812 15
136 1776 229 1824 pro
268 1758 564 1809 defensione
576 1754 624 1785 ¹2
650 1758 753 1809 vite
790 1765 898 1808 tam
933 1756 1082 1818 bone,
1124 1758 1377 1824 quomodo
1406 1775 1527 1823 ergo
1554 1759 1784 1826 sequitur
1810 1759 2032 1808 vicarius
2062 1757 2182 1808 talis

138 1845 378 1908 Cristum,
420 1848 507 1914 qui
543 1865 648 1897 non
680 1863 773 1912 pro
805 1846 1103 1896 defensione
1129 1846 1249 1907 vite,
1293 1846 1380 1896 sed
1408 1864 1501 1912 pro
1527 1854 1727 1913 papatu
1755 1864 1962 1897 cesareo
1990 1846 2186 1896 excitat

135 1942 213 1984 tot
248 1935 481 1985 homines
520 1935 587 1985 ad
625 1935 997 2001 pugnandum?

279 2021 503 2073 Indubie
549 2022 632 2074 vel
680 2030 883 2088 oportet
929 2023 1211 2073 concedere
1251 2021 1475 2073 Cristum
1517 2023 1873 2088 imprudenter
1911 2023 2092 2074 fecisse
2131 2023 2185 2073 in

132 2106 299 2171 ist0,¹3
339 2110 430 2161 vel
483 2110 621 2177 quod
665 2111 766 2174 ista
811 2106 1070 2176 papalisss
1117 2110 1342 2175 dignitas
1381 2118 1459 2161 est
1496 2110 1677 2160 melior
1714 2112 1823 2162 vita
1863 2110 2041 2173 Cristi,
2099 2112 2184 2163 vel

62 2215 119 2254 20
135 2198 306 2259 aliter,
363 2198 500 2265 quod
537 2216 677 2264 papa
714 2198 808 2248 iste
848 2198 995 2248 vadit
1039 2199 1294 2249 contrarie
1344 2199 1412 2249 ad
1452 2197 1692 2260 Cristum,
1734 2200 1819 2250 vel
1860 2198 2085 2250 Cristum
2128 2206 2186 2250 ut

135 2285 380 2336 sathanas
419 2287 693 2336 antecedit.
757 2285 869 2336 Nec
896 2286 1040 2337 valet
1076 2287 1160 2337 hic
1172 2283 1218 2313 ²⁵
1257 2287 1603 2338 hereticorum
1630 2288 1921 2354 sompniata
1947 2288 2182 2353 garriciO,

134 2374 271 2441 quod
307 2373 493 2424 Petrus
545 2374 662 2424 ideo
714 2373 817 2424 fuit
869 2392 900 2425 a
955 2375 1161 2425 domino
1173 2370 1219 2401 1⁶
1265 2374 1593 2441 reprobatus,
1652 2375 1772 2442 quia
1810 2375 2073 2426 nitebatur
2110 2393 2185 2426 re-

135 2461 491 2528 dempcionem
543 2462 758 2512 humani
809 2463 1010 2528 generis
1062 2463 1329 2529 impedire,
1387 2470 1438 2513 et
1489 2463 1635 2513 illam
1688 2463 1788 2515 fuit
1839 2464 2186 2514 necessarium

391 2550 402 2560 ·
427 2545 472 2575 17
1699 2546 1771 2577 ·19

135 2549 420 2615 adimplen.
565 2548 763 2601 Cristus
803 2551 939 2601 enim
994 2547 1125 2602 est1⁸
1180 2552 1525 2618 omnipotens,
1583 2558 1634 2601 et
1672 2569 1714 2601 Sl
1820 2552 1984 2602 voluit
2025 2552 2186 2602 vitam

500 2726 629 2765 OAP.
658 2726 770 2766 VII,
830 2729 850 2748 α
886 2726 958 2779 Op.
992 2726 1174 2779 Suppl.
1211 2727 1373 2767 Trial.
1407 2731 1512 2774 450,
1557 2728 1692 2767 where
1730 2729 1797 2767 the
1834 2741 1948 2767 same
1986 2728 2115 2767 theme
2151 2728 2189 2767 is

426 2799 590 2840 breated
620 2799 675 2853 of*
784 2796 801 2822 ὓ
831 2815 866 2839 v.
890 2802 945 2841 26
1242 2816 1246 2819 ’

254 2954 272 2978 ⁵
305 2957 438 2999 debet
453 2959 671 2999 ABODG
721 2960 856 3001 habet
871 2961 1208 3012 (ud.)debetE
1295 2959 1747 3003 ⁶viriliterACDEG
1796 2963 1936 3002 om.B
2027 2958 2187 3002 ⁷here-

136 3029 213 3070 tici
233 3032 269 3069 A
278 3027 483 3079 BOD‚E³
502 3033 546 3072 in
568 3046 674 3073 mwr.
765 3033 960 3075 fraudati
976 3036 1022 3075 E
1107 3035 1313 3076 hereticis
1335 3037 1376 3075 G
1509 3032 1527 3057 ⁸
1559 3035 1812 3077 extenderit
1831 3037 1907 3075 OD
1989 3034 2189 3075 extendit

135 3104 316 3145 ABE&
433 3102 451 3126 ⁹
482 3118 750 3162 quemquam
769 3108 948 3149 BDEG
1008 3106 1250 3163 quidquam
1267 3109 1295 3160 (
1297 3110 1314 3149 12
1314 3109 1344 3161 )
1362 3110 1444 3148 AO
1551 3106 1586 3131 ¹⁰
1617 3111 1662 3149 in
1683 3111 1728 3149 D
1758 3111 1795 3150 is
1825 3110 1924 3149 add.
1965 3109 2091 3148 below
2122 3110 2189 3148 the

136 3176 237 3217 eol..·
269 3177 338 3218 Ad
370 3178 623 3233 eligendum
654 3180 728 3221 vel
760 3180 1119 3222 constituendum
1151 3194 1421 3237 quemquam
1452 3183 1499 3223 in
1530 3187 1665 3238 caput
1685 3196 1770 3224 nec
1792 3186 1859 3223 est
1879 3186 2075 3237 potestas
2097 3195 2188 3222 car-

137 3249 351 3291 dinalium
367 3249 430 3291 D¹
580 3250 615 3275 ¹¹
644 3254 690 3294 im
724 3255 817 3295 ΑΕ
843 3256 880 3295 is
911 3255 1010 3295 add.
1042 3256 1087 3294 in
1116 3269 1246 3296 mar„-
1292 3256 1470 3296 Bellum
1492 3253 1626 3297 A¹E2
1761 3253 1796 3278 ¹²
1828 3255 2088 3297 defensione
2110 3257 2193 3296 ΑΟ

134 3323 270 3364 DEG
332 3323 642 3367 defessionaB
774 3324 812 3350 ¹3
841 3328 924 3369 isto
943 3329 1158 3369 AODEG
1216 3329 1301 3370 ista
1320 3331 1361 3369 B
1496 3327 1533 3351 ¹4
1563 3330 1649 3371 ista
1678 3330 1851 3385 papalis
1880 3333 1955 3370 ete.
1974 3330 2189 3370 AODEG

194 3396 278 3438 ista
308 3403 358 3438 ut
387 3397 598 3440 sathanas
629 3404 718 3448 eto„
749 3401 822 3442 but
849 3403 948 3442 with,
977 3403 1102 3442 mark
1133 3403 1187 3456 of
1208 3404 1289 3457 ref.
1322 3404 1447 3444 above
1478 3406 1547 3444 the
1567 3404 1671 3444 eol..·
1703 3403 1875 3458 papalis
1908 3403 1948 3443 d.
1983 3415 2020 3444 e.
2054 3417 2110 3443 m.
2143 3417 2185 3443 v.

136 3468 199 3523 0.,
238 3485 280 3512 v.
313 3484 368 3518 a..
399 3486 439 3526 q.
471 3486 513 3527 p.
544 3472 572 3512 i.
603 3487 646 3514 v.
677 3475 896 3516 contrarie
927 3479 1006 3516 aut
1036 3476 1155 3530 quod
1187 3476 1378 3518 Cristum
1396 3475 1456 3517 B¹
1607 3473 1642 3498 ¹5
1672 3476 1744 3517 hic
1761 3478 1980 3516 ABODE
2044 3475 2128 3517 hec
2148 3477 2189 3516 G‘

138 3539 173 3564 ¹⁶
206 3543 307 3584 ideo
338 3544 366 3586 f.
400 3557 438 3586 a.
471 3545 512 3587 (l.
530 3546 746 3587 ABODG
804 3547 904 3590 ideo
927 3562 966 3590 a.
991 3549 1031 3590 d.
1055 3549 1082 3589 f.
1100 3550 1146 3589 E
1277 3547 1312 3573 ¹⁷
1345 3549 1577 3605 adimpleri
1595 3551 1810 3590 BODEG
1885 3549 2128 3605 adimplere
2147 3551 2188 3590 Α

142 3612 178 3638 ¹⁸
209 3621 276 3658 est
291 3619 505 3660 AODEG
565 3632 642 3661 om.
661 3621 704 3661 B
823 3618 859 3643 ¹⁹
890 3621 926 3662 si
944 3622 1231 3671 ABDEGss,
1263 3624 1335 3666 but
1364 3638 1474 3664 corr.
1507 3625 1555 3678 by
1589 3620 1646 3665 03
1676 3625 1763 3665 into
1795 3624 1857 3666 sic
