2528 4074
931 445 1236 487 GENERAL
1268 445 1490 486 INDEX.

185 589 464 633 obediencia
493 591 678 633 fratrum
706 589 876 646 prelato
907 590 1006 632 473.

186 672 244 680 —
275 649 351 704 pia
379 649 519 692 Elisei
549 651 648 692 299.

184 731 245 738 —
277 707 455 750 domino
486 709 586 750 474.

185 789 244 797 —-
274 766 478 808 resistiva
495 766 543 807 in
558 764 784 807 ordinibus
799 765 1050 807 necessaria
1070 765 1170 808 301.

4 805 23 822 θ’
75 839 77 884 ζ
125 847 127 849 ·
183 844 244 856 ·—-
273 825 350 880 pia
378 824 581 883 resistiva
611 825 710 867 299.
754 839 763 871 ς

184 909 242 917 -
274 883 414 925 virtus
445 879 636 924 maxime
667 881 892 924 meritoria
925 883 1026 926 140.

183 964 243 974 ——
273 941 414 983 virtus
452 941 685 983 luciferine
729 941 936 996 superbie
979 941 1171 984 maxime

245 999 501 1055 depressiva
534 999 630 1042 141.

185 1081 244 1090 —
274 1063 496 1100 sectarum
530 1059 626 1101 141.

183 1140 242 1149 —-
276 1116 405 1158 Cristi
435 1121 480 1159 et
509 1118 628 1159 Petri
664 1118 760 1161 101.

188 1199 242 1208 —
273 1175 398 1217 nulla
426 1175 634 1218 facienda
664 1182 732 1219 est
760 1176 945 1230 homini,
992 1177 1079 1219 m'si
1117 1190 1174 1219 ex

243 1234 429 1335 {ggitate
466 1234 678 1278 mandato
714 1235 882 1278 domini
910 1237 1014 1278 Iesu
1046 1236 1175 1278 Oristi

182 1351 361 1393 —ciam
390 1353 682 1408 temporalem
710 1357 832 1396 secte
867 1353 951 1409 ipsi
981 1353 1082 1410 Gog
1111 1354 1174 1395 fa-

245 1411 368 1452 ciunt
399 1412 496 1454 396.

188 1470 314 1511 -010
343 1469 517 1525 private
549 1482 577 1512 a
605 1469 746 1512 Oristo
777 1469 1028 1513 distrahunt
1072 1472 1172 1514 476.

184 1527 519 1571 obedienciarii
547 1528 933 1585 condempnantur
965 1531 1061 1573 185.

115 1583 120 1588 ’
181 1586 382 1629 Obedire
414 1587 498 1630 deo
527 1587 791 1643 principium
818 1587 924 1631 fidei
954 1593 1022 1631 est
1053 1590 1152 1631 301.

187 1646 340 1688 ——diet
369 1646 588 1688 cristicola
616 1646 795 1702 utrique
815 1647 932 1704 parti
961 1648 1177 1690 anticristi

185 1763 401 1806 Obiectus
431 1763 539 1806 facti
575 1763 634 1806 ad
677 1764 994 1808 stabiliendum
1032 1771 1176 1808 sectas

187 1904 245 1913 -
276 1881 422 1923 fratris
457 1881 771 1937 nigromantici
808 1888 962 1926 contra
1000 1883 1177 1926 divisio-

246 1953 352 1982 nem
382 1940 569 1983 ecclesie
602 1941 700 1984 705.

183 2022 245 2031 —-
277 1998 459 2055 quidam
489 2004 711 2042 sectarum
744 2001 840 2044 175.

190 2081 246 2088 —
277 2071 535 2100 communes
563 2064 719 2102 contra
749 2065 893 2102 sectas
926 2061 1022 2103 140.

183 2120 376 2159 —tuum
405 2117 620 2160 laicorum
649 2118 816 2161 solucio
850 2120 950 2162 176.

180 2175 459 2218 Oblaciones
490 2181 536 2218 et
565 2176 737 2220 decime
772 2178 868 2220 138.

186 2257 244 2265 —
278 2239 324 2277 et
353 2235 525 2278 decime
545 2236 733 2279 collecte
753 2237 812 2279 ad
834 2237 989 2279 nidum
1005 2237 1179 2280 ablacie

186 2375 246 2384 —
278 2351 444 2395 Cristus
474 2367 566 2395 non
594 2354 851 2410 requirebat
880 2355 980 2398 245.

180 2410 422 2468 Obligacio
461 2413 684 2469 generalis
721 2413 951 2456 hominum
989 2413 1047 2456 ad
1083 2426 1178 2456 ora-

247 2470 421 2513 cionem
453 2473 551 2514 345.

182 2551 246 2575 .—-
276 2529 592 2572 monachorum
623 2532 723 2574 530.

189 2611 245 2618 —-
275 2588 578 2644 Hospitalium
607 2589 847 2633 multorum
877 2590 1179 2633 consciencias

249 2652 407 2690 onerat
437 2649 536 2691 270.

181 2729 246 2738 —
275 2706 468 2749 faciliter
494 2707 644 2764 legem
675 2706 927 2750 diminuens
961 2708 1058 2750 185.

189 2788 245 2813 —‚
275 2765 452 2821 privata
481 2766 672 2808 multum
699 2771 889 2823 occupat
918 2766 974 2809 de
1005 2766 1178 2823 capaci-

245 2828 340 2867 tate
370 2824 560 2867 hominis
592 2825 690 2868 142.

188 2906 244 2913 -
276 2883 454 2940 integra
482 2884 679 2926 securior
709 2883 851 2927 Cristo
882 2889 950 2927 est
982 2885 1079 2928 185.

190 2942 384 2985 —stulta
413 2943 640 2999 religionis
671 2943 852 2998 dyaboli
883 2944 951 2986 32.

180 3023 245 3033 —
276 3001 334 3043 ad
364 3002 703 3044 observanciam
732 3016 840 3044 usus
870 3004 968 3046 345.

189 3083 244 3091 -
276 3059 335 3102 ad
363 3060 542 3103 habitus
571 3075 663 3103 non
693 3066 934 3104 excusatur
963 3063 1032 3105 28.

90 3132 94 3179 ζ
181 3143 244 3155 κ-
275 3119 449 3162 sincera
479 3119 621 3163 Cristo
651 3119 949 3163 sufficiencior
979 3125 1047 3163 est
1079 3122 1176 3164 185.

189 3202 245 3208 —
275 3191 356 3234 per
386 3178 629 3233 dyabolum
657 3179 912 3222 introducta
945 3181 1045 3223 185.

94 3291 95 3294 Ἴ
178 3237 270 3280 :sub
294 3238 477 3280 -cione
499 3251 630 3280 omne
658 3252 769 3294 opus
790 3239 1063 3281 meritorium
1082 3238 1179 3281 fieri

246 3301 405 3352 potest
425 3298 522 3340 185.

95 3363 97 3366 '
182 3355 385 3398 ——cionis
415 3355 612 3398 stulticia
643 3357 742 3399 185.

187 3414 398 3456 —ciones
426 3415 600 3470 private
636 3415 845 3457 minuunt
881 3415 1178 3471 capacitatem

235 3470 479 3515 hominum
524 3478 570 3516 et
613 3473 865 3516 libertatem
910 3487 963 3517 ac
1004 3474 1177 3517 ordina-

247 3531 421 3574 cionem
453 3531 585 3574 Cristi
614 3533 714 3575 284.

180 3589 447 3692 Ο5111ὲ8ἐ30101·
485 3590 616 3633 homo
653 3591 702 3633 in
738 3591 968 3634 reddenda
996 3592 1177 3634 racione

2149 449 2254 498 787

1262 590 1464 645 Obligari
1493 589 1745 631 hominibus
1776 595 2010 644 peccatum
2052 595 2124 633 est
2157 592 2254 633 185.

1263 648 1445 703 Obligat
1483 649 1622 689 abbas
1666 647 1893 689 subditum
1931 653 2085 690 contra
2127 649 2258 691 Oristi

1320 706 1525 762 regulam
1558 707 1655 748 186.

1262 770 1431 820 —gant
1461 770 1582 806 secte
1627 777 1674 806 se
1721 764 1816 806 sine
1861 764 1936 806 dei
1972 765 2162 807 licencia
2200 766 2258 807 ad

1320 823 1430 865 ritus
1461 824 1657 878 privatos
1689 824 1789 865 284.

1265 905 1319 912 —
1351 895 1399 924 se
1432 881 1623 936 dyabolo
1655 886 1776 924 secte
1808 883 1878 924 98.

1265 945 1485 996 -gantur
1514 940 1674 983 stolide
1696 940 1946 996 superiores
1967 940 2135 996 priores
2157 942 2255 983 303.

1264 1023 1313 1030 -—-
1352 999 1504 1055 gracia
1532 999 1729 1055 religiosi
1759 999 1995 1055 prepositis
2039 1000 2136 1041 186.

1264 1058 1501 1114 Obligatus
1522 1059 1690 1100 bonum
1720 1058 1899 1111 deserit,
1932 1058 2101 1100 malum
2133 1058 2260 1114 eligit

1265 1180 1429 1231 —gato
1460 1180 1674 1232 patronus
1704 1190 1796 1218 non
1828 1175 1980 1218 deficit
2012 1176 2110 1219 185.

1265 1235 1418 1290 —gati
1447 1248 1603 1277 sensus
1633 1248 1713 1290 per
1741 1234 1997 1290 prophanas
2024 1240 2261 1277 consuetu-

1323 1293 1450 1335 dines
1479 1295 1579 1336 263.

1264 1351 1535 1394 Obscuracio
1566 1352 1768 1394 cecitatis
1798 1357 2023 1394 sectarum
2058 1352 2154 1394 174.

1264 1410 1542 1466 Obsequium
1572 1410 1656 1453 deo
1697 1411 1855 1453 fratres
1885 1415 2047 1466 putant
2077 1424 2125 1453 se
2163 1424 2261 1467 pre-

1323 1474 1441 1512 stare
1475 1470 1544 1512 71.

1265 1551 1320 1558 —-
1351 1528 1606 1584 putativum
1637 1533 1858 1570 sectarum
1894 1529 1991 1570 141.

1265 1587 1570 1630 Observancia
1598 1587 1712 1643 legis
1744 1588 1814 1630 96.

1269 1669 1322 1676 —
1355 1660 1462 1688 usus
1494 1648 1593 1689 345.

1266 1728 1320 1736 —-
1353 1705 1663 1747 mandatorum
1695 1705 1899 1761 decalogi
1937 1705 2033 1748 122.

1265 1788 1320 1795 -
1352 1769 1476 1806 recta
1505 1764 1763 1820 regularum
1794 1765 1894 1807 286.

1267 1848 1322 1854 —
1354 1823 1650 1865 tradicionum
1681 1823 1866 1865 fratrum
1897 1824 1998 1866 469.

1268 1907 1322 1912 -
1356 1882 1666 1924 mandatorum
1697 1882 1837 1924 cuivis
1861 1883 2069 1924 cristiano
2102 1883 2262 1938 impos-

1326 1941 1464 1983 sibilis
1494 1941 1673 1983 videtur
1706 1942 1802 1983 122.

1270 2023 1322 2031 —
1355 1999 1552 2042 humana
1572 2001 1782 2042 resistens
1800 1999 1983 2056 Spiritui
2000 1999 2163 2042 Sancto
2186 1999 2261 2042 de·

1326 2060 1402 2101 bet
1433 2059 1647 2114 disrumpi
1677 2061 1776 2102 479.

1268 2118 1608 2175 —vancielegis
1625 2118 1790 2160 veteris
1807 2117 1928 2160 adeo
1947 2118 2149 2160 ordinate
2161 2119 2260 2161 289.

1269 2202 1323 2209 —
1358 2189 1386 2219 a
1405 2178 1537 2220 sectis
1559 2178 1793 2219 observate
1814 2191 1906 2219 non
1923 2176 2092 2220 habent
2113 2184 2263 2220 aucto-

1326 2237 1504 2278 ritatem
1536 2249 1563 2278 a
1594 2236 1736 2278 Cristo
1768 2237 1870 2278 264.

1267 2319 1323 2326 —-
1355 2295 1599 2337 monastice
1640 2308 1794 2337 omnes
1832 2309 1923 2337 non
1961 2295 2139 2337 fundati
2183 2296 2262 2337 im-

1326 2354 1476 2409 plicite
1523 2354 1598 2396 vel
1643 2354 1854 2410 explicite
1906 2355 1952 2395 in
1998 2354 2263 2397 obediencia

1325 2426 1436 2468 pure
1467 2413 1745 2469 ewangelica
1774 2415 1873 2456 496.

1268 2497 1323 2503 —
1355 2472 1551 2514 humane
1583 2473 1808 2528 capacitas
1842 2473 1940 2514 142.

1268 2531 1533 2573 -vanciam
1563 2531 1720 2588 regule
1742 2531 1937 2574 humane
1963 2532 2057 2574 vita
2086 2532 2262 2587 privata

1325 2590 1538 2632 secularis
1568 2590 1758 2632 includit
1788 2592 1888 2633 493.

1267 2649 1518 2692 Observare
1568 2650 1773 2706 regulam
1819 2649 1951 2691 Cristi
1995 2649 2141 2691 viator
2186 2649 2263 2690 vix

1325 2707 1490 2750 sufficit
1523 2709 1620 2753 142.

1267 2767 1484 2810 Occidere
1516 2767 1674 2810 fratres
1713 2780 1832 2824 papa
1867 2766 1969 2808 filiis
2000 2767 2091 2809 suis
2122 2767 2261 2823 preci-

1325 2827 1390 2883 pit
1424 2827 1520 2868 186.

1269 2885 1570 3047 {⁰325ssssssss
1596 2890 1870 2987 ἓξὲξᾚῗξ
1904 2885 2264 2987 Ξέἓῖέἐδῗοιηη.

1268 3063 1438 3106 —dunt
1475 3062 1604 3104 multi
1641 3061 1930 3117 corporaliter
1970 3066 2016 3104 et
2053 3074 2134 3117 per
2170 3074 2262 3103 ma-

1325 3137 1410 3165 nus
1439 3121 1639 3177 proprias
1671 3126 1716 3162 et
1746 3133 1826 3176 per
1862 3134 2130 3162 consensum
2164 3122 2261 3163 121.

1269 3205 1324 3212 -—
1356 3180 1563 3223 monachi
1593 3193 1641 3221 se
1672 3180 1790 3235 ipsos
1821 3180 2110 3235 corporaliter
2142 3181 2241 3222 134.

1268 3264 1324 3272 —
1356 3241 1513 3282 fratres
1544 3253 1647 3280 suos
1677 3239 1836 3280 fratres
1865 3239 2067 3281 eiusdem
2097 3238 2263 3281 ordinis

1270 3359 1460 3400 —datur
1508 3356 1635 3398 nulla
1685 3369 1876 3412 persona
1927 3370 1984 3399 ex
2034 3356 2263 3399 ordinibus

1326 3418 1454 3460 novis
1485 3417 1587 3458 225.

1267 3477 1469 3519 Occidua
1501 3474 1692 3517 ecclesia
1722 3474 1982 3517 discrasiata
2013 3476 2113 3518 594.

1268 3535 1406 3577 -dui
1449 3536 1497 3577 in
1541 3533 1693 3575 mania
1730 3533 2007 3576 anticristiva
2051 3539 2266 3576 cecantur

1274 3654 1438 3695 —duas
1470 3657 1629 3709 gentes
1661 3651 1835 3693 seducit
1865 3651 2076 3694 sathanas
2107 3653 2208 3694 395.

1805 3722 1894 3767 50*
