2528 4074
926 374 1233 416 GENERAL
1266 373 1488 415 INDEX.

176 522 420 577 Opinative
441 521 547 564 dicit
566 535 696 563 suum
715 533 894 562 sensum
915 525 1070 561 auctor
1091 521 1159 562 75.

181 605 234 610 —
257 584 411 622 auctor
425 580 613 635 quiescit
631 579 679 620 in
699 591 832 620 sensu
853 577 1068 619 catholico
1092 579 1160 619 75.

176 639 443 693 Oppositum
457 638 618 690 facere,
628 636 746 692 quod
762 636 945 677 mandat
964 637 1164 690 superior

174 755 302 810 Opus
332 755 499 796 bonum
528 753 584 794 de
615 765 780 808 genere
810 751 960 794 facere
992 753 1091 794 364.

176 836 233 843 —
264 813 450 854 membri
479 811 643 854 ordinis
672 810 754 852 toti
775 811 948 866 corpori
966 811 1162 852 tribuen-

235 871 340 912 dum
370 875 438 912 est
467 871 566 912 325.

176 952 232 960 -
262 928 534 971 meritorium
570 927 667 970 fieri
701 931 848 983 potest
884 928 965 970 sub
996 927 1163 983 obliga-

232 987 361 1029 cione
393 988 490 1029 185.

170 1060 253 1101 pro
284 1058 449 1101 -pere
475 1045 612 1100 partis
633 1044 744 1087 deus
763 1045 892 1100 punit
910 1049 955 1087 et
975 1045 1164 1100 premiat

231 1109 374 1146 totum
404 1105 503 1146 326.

176 1175 343 1218 —pera
374 1162 447 1204 dei
476 1163 522 1203 in
543 1162 770 1204 ordinibus
790 1162 1020 1204 salvantur
1040 1161 1162 1203 dissi-

232 1221 380 1277 pando
412 1234 488 1263 eos
518 1222 618 1263 228.

174 1304 229 1310 --
263 1279 338 1322 dei
365 1280 566 1335 perfecta
595 1284 699 1321 sunt
728 1280 828 1322 266.

175 1363 231 1369 —
261 1351 379 1394 pape
407 1342 636 1380 reservata
665 1339 765 1380 259.

172 1421 230 1427 —
262 1398 381 1439 bona
408 1401 629 1439 testantur
658 1397 915 1452 episcopum
946 1408 974 1437 a
993 1395 1077 1437 deo
1097 1395 1162 1436 in-

231 1456 435 1498 stitutum
465 1469 562 1498 esse
592 1456 691 1498 258.

105 1536 108 1540 ·
173 1538 231 1544 —
263 1515 337 1556 dei
364 1519 468 1556 sunt
495 1514 695 1570 perfecta
726 1514 824 1556 712.

177 1596 231 1603 —
264 1573 449 1615 meliora·
478 1573 699 1614 dimittere
730 1573 828 1614 346.

175 1653 228 1661 ——
261 1632 462 1687 perfecta
492 1631 622 1673 Cristi
652 1632 721 1674 88.

172 1714 230 1720 -
260 1691 485 1732 meritoria
513 1694 560 1732 et
587 1690 682 1732 vita
710 1690 827 1732 bene
859 1695 987 1732 orant
1018 1690 1115 1731 342.

175 1773 229 1778 -
260 1749 470 1792 trinitatis
500 1748 691 1790 indivisa
720 1748 778 1790 ad
809 1753 934 1790 extra
965 1749 1063 1791 208.

174 1821 387 1863 —perum
415 1807 601 1849 fratrum
631 1808 842 1849 sanctitas
872 1809 972 1850 353.

174 1867 412 1921 —peribus
447 1867 678 1908 vivacibus
724 1866 937 1908 debemus
982 1865 1164 1908 credere

175 2007 231 2013 —
263 1983 385 2025 credi
413 1983 548 2026 debet
577 1984 676 2026 458.

170 2056 277 2084 cum
314 2065 370 2072 —
408 2043 524 2084 vivis
568 2042 722 2098 pocius
766 2042 835 2085 vir
878 2047 1057 2084 sanctus
1096 2047 1163 2084 est

232 2101 480 2143 credendus
511 2102 610 2144 251.

171 2159 336 2202 Oracio
368 2164 518 2215 empta
546 2160 683 2202 nichil
711 2160 835 2202 valet
864 2161 964 2202 347.

177 2242 230 2248 -—
263 2224 309 2260 et
322 2219 487 2260 veritas
506 2219 800 2261 succumbunt
813 2219 1162 2275 participacione

231 2277 542 2332 temporalium
577 2279 676 2321 246.

173 2360 230 2367 -
269 2341 390 2378 secte
434 2341 592 2392 quarte
629 2337 794 2392 populo
838 2336 938 2391 plus
982 2336 1162 2392 prodest

232 2408 367 2450 quam
397 2396 543 2437 oracio
574 2395 794 2438 dominica
824 2396 922 2438 252.

175 2477 228 2482 —
261 2453 366 2495 ficta
394 2454 598 2509 specialis
626 2454 947 2510 predicacionis
978 2455 1077 2497 348.

172 2535 229 2541 --
258 2513 438 2568 presciti
471 2527 563 2555 non
598 2518 798 2566 meretur
835 2513 1160 2556 beatitudinem

172 2649 230 2659 -ι-
260 2630 435 2685 privata
454 2631 551 2672 sine
570 2630 746 2673 iusticia
764 2631 901 2673 nichil
914 2631 1037 2673 valet
1057 2632 1156 2674 347.

171 2712 230 2718 -—
260 2689 408 2731 vitalis
429 2702 457 2731 a
471 2688 612 2731 Cristo
633 2689 826 2731 maxime
847 2691 1159 2732 commendata

172 2830 227 2835 —-
246 2820 354 2847 num
369 2805 572 2861 proficiat
585 2806 660 2848 vel
666 2811 828 2848 noceat
835 2809 1050 2850 mercanti
1059 2809 1156 2851 347.

170 2888 228 2894 -—
259 2865 307 2906 in
327 2865 462 2920 duplo
483 2864 730 2907 diuturnior
743 2879 852 2907 num
864 2866 1044 2921 prodest
1058 2869 1156 2910 346.

175 2946 228 2952 -—
260 2924 515 2966 abstinendi
542 2923 721 2979 prodest
751 2926 850 2967 346.

170 3004 228 3011 —-
249 2983 430 3038 triplex:
453 2983 672 3035 mentalis,
688 2983 869 3035 vocalis,
889 2984 1038 3026 vitalis
1058 2986 1157 3027 342.

175 3064 228 3071 —
260 3041 513 3097 generalior
541 3055 570 3083 a
600 3041 741 3084 Cristo
771 3042 992 3097 prefertur
1022 3045 1120 3089 343.

173 3100 371 3142 —cionis
400 3105 623 3142 sectarum
653 3100 960 3156 sophisticacio
992 3101 1099 3146 354.

169 3182 227 3188 —-
260 3158 453 3200 dimissio
482 3159 680 3214 implicat
710 3159 859 3201 multis
889 3161 1159 3215 pestilenciis

170 3299 228 3306 -—
260 3275 415 3318 divisio
446 3277 545 3319 342.

170 3358 226 3364 -—
259 3334 484 3389 quidditas
509 3335 612 3378 342.

170 3393 348 3434 —cioni
376 3393 522 3435 vocali
550 3393 783 3435 intendere
815 3394 913 3436 346.

173 3451 405 3493 -cionem
434 3465 565 3494 nemo
595 3451 792 3494 vendere
823 3452 958 3495 debet
988 3454 1087 3496 346.

171 3510 408 3552 —cionum
434 3511 751 3552 commercacio
771 3524 862 3553 non
882 3512 1080 3567 procedit
1101 3525 1158 3555 ex

231 3568 304 3611 dei
332 3569 590 3611 ordinancia
617 3570 716 3611 347.

2133 379 2235 428 789

1252 518 1520 560 Oracionum
1550 518 1762 573 suffragia
1793 520 1891 560 347.

1251 576 1390 618 Orare
1422 576 1610 617 sollicite
1650 576 1697 616 in
1727 577 1918 618 claustro
1948 578 2133 620 basilica
2162 578 2237 621 vel

1306 634 1403 676 loco
1435 634 1691 675 abscondito
1722 635 1821 676 345.

1251 692 1416 733 —andi
1444 692 1699 747 proclivitas
1731 693 1829 734 345.

1250 750 1308 792 ad
1338 750 1563 791 —andum
1586 750 1726 792 multe
1747 755 1929 792 movent
1950 752 2236 793 auctoritates

1308 808 1536 850 hominum
1566 810 1665 850 346.

1251 872 1356 908 —at
1386 872 1541 909 auctor
1571 867 1705 909 deum
1736 871 1782 909 et
1811 871 1986 909 sanctos
2021 868 2117 910 138.

1250 926 1460 967 Oratores
1491 925 1657 967 assidui
1686 926 1908 968 excedant
1938 926 2134 969 medium
2154 927 2239 968 vir-

1306 989 1484 1026 tuosum
1513 984 1746 1026 ieiunandi
1773 987 1872 1027 346.

1250 1042 1490 1085 Ordinacio
1523 1043 1654 1085 Oristi
1684 1045 1782 1086 394.

1249 1125 1306 1132 —
1336 1102 1478 1143 libera
1506 1103 1612 1144 Iesu
1642 1101 1774 1144 Cristi
1803 1103 1901 1145 248.

1250 1183 1303 1191 -—
1339 1160 1468 1202 Cristi
1497 1175 1588 1202 non
1618 1161 1814 1216 prudens
1845 1162 1943 1204 560.

1249 1243 1304 1249 --
1337 1220 1538 1274 primeva
1567 1219 1698 1261 Gristi
1729 1222 1826 1262 145.

1249 1301 1305 1308 —-
1338 1277 1468 1319 Cristi
1497 1278 1674 1334 dirupta
1705 1291 1732 1320 a
1761 1279 1892 1320 sectis
1927 1279 2023 1320 142.

1250 1360 1304 1366 —
1337 1336 1489 1378 divina
1518 1337 1636 1378 ultra
1663 1350 1803 1392 papas
1837 1337 1934 1380 172.

1250 1395 1426 1436 —cioni
1456 1395 1586 1437 Cristi
1616 1395 1811 1437 dominia
1839 1409 1918 1437 rex
1948 1396 2134 1438 reddere
2167 1395 2240 1438 de-

1307 1454 1384 1495 bet
1415 1454 1514 1496 249.

1250 1512 1483 1554 ——cionem
1498 1512 1648 1568 sponsi
1664 1513 1851 1555 ecclesie
1862 1512 2134 1555 dimittentes
2150 1527 2241 1555 non

1307 1576 1492 1626 possunt
1523 1572 1727 1613 excusari
1756 1572 1877 1627 apud
1905 1571 2098 1614 iudicem
2128 1572 2241 1614 veri-

1311 1630 1415 1671 tatis
1447 1631 1516 1672 32.

1251 1712 1306 1718 —
1340 1688 1470 1730 Cristi
1499 1689 1658 1731 fratres
1688 1689 1954 1731 subvertunt
1984 1690 2084 1731 255.

1251 1771 1306 1777 —
1340 1747 1468 1789 Gristi
1504 1748 1692 1790 liberam
1722 1748 1919 1804 graviter
1948 1748 2098 1790 ferunt
2128 1748 2240 1805 epis-

1309 1806 1409 1861 copi
1439 1807 1538 1849 262.

1248 1870 1403 1906 contra
1442 1888 1497 1895 -
1536 1865 1609 1907 dei
1653 1865 1898 1907 dominium
1935 1866 2135 1908 seculare
2175 1870 2242 1907 est

1307 1924 1522 1966 infectum
1554 1925 1651 1966 243.

1247 1982 1294 2023 in
1325 1983 1512 2024 —cione
1541 1996 1622 2024 sua
1645 1982 1811 2025 Cristus
1841 1983 1926 2025 fuit
1955 1983 2242 2039 completissi-

1309 2055 1408 2082 mus
1439 2042 1538 2084 229.

1253 2123 1304 2129 —-
1340 2100 1470 2141 Cristi
1498 2105 1585 2142 stat
1616 2099 1843 2142 edificacio
1875 2100 2062 2143 ecclesie
2095 2102 2193 2143 255.

1249 2158 1486 2201 Ordinavit
1517 2158 1682 2201 Cristus
1729 2159 1950 2214 apostolos
1987 2160 2035 2201 in
2065 2159 2239 2202 humili-

1307 2223 1413 2270 tate,
1445 2223 1710 2273 paupertate
1741 2223 1824 2260 etc.
1857 2219 1956 2260 595.

1249 2300 1303 2306 —-
1337 2277 1504 2318 Cristus
1533 2277 1755 2332 apostolos
1785 2276 2037 2319 sacerdotes
2069 2278 2167 2320 259.

1250 2359 1303 2365 —
1337 2335 1503 2377 Cristus
1532 2336 1796 2377 varietatem
1828 2337 1897 2378 97.

1247 2399 1437 2436 —natus
1456 2399 1597 2436 status
1618 2395 1676 2436 ad
1696 2394 2031 2436 edificacionem
2045 2395 2239 2450 corporis

1307 2453 1495 2495 ecclesie
1529 2454 1625 2496 100.

1248 2511 1368 2554 Ordo
1388 2513 1659 2554 monasticus
1678 2512 1835 2568 religio
1853 2512 2030 2567 privata
2049 2517 2117 2555 est
2135 2512 2236 2555 496.

1249 2594 1303 2600 —
1334 2571 1484 2612 nullus
1520 2571 1790 2612 monasticus
1833 2571 1970 2613 habet
2012 2570 2238 2614 defectum

1307 2630 1598 2671 essencialem
1628 2631 1728 2672 496.

1252 2712 1307 2718 ——
1339 2689 1524 2730 flatrum
1554 2689 1899 2744 perfectissimus
1929 2690 2029 2730 449.

1250 2771 1304 2776 ——
1339 2748 1545 2789 novellus
1581 2747 1802 2789 consentit
1837 2748 2012 2803 privato
2052 2747 2239 2789 facinori

1309 2807 1406 2848 225.

1249 2889 1303 2895 -
1335 2865 1382 2906 in
1413 2865 1547 2907 deum
1576 2865 1857 2921 blasphemat
1886 2866 1986 2908 468.

1249 2948 1303 2954 —-
1334 2924 1521 2966 fratrum
1551 2937 1579 2966 a
1602 2925 1765 2966 sanctis
1795 2924 1922 2979 papis
1953 2922 2237 2965 confirmatus

1248 3066 1303 3071 —
1334 3047 1513 3083 sanctus
1542 3042 1729 3083 fratrum
1765 3040 1979 3082 fundatur
2017 3053 2044 3082 a
2073 3040 2237 3082 sanctis

1249 3183 1302 3189 —
1334 3163 1453 3201 totus
1482 3173 1573 3200 non
1603 3171 1631 3200 a
1662 3158 1745 3200 deo
1777 3163 1843 3200 est
1862 3157 2114 3200 laudandus
2136 3158 2235 3200 326.

1249 3241 1303 3248 —-
1335 3218 1521 3259 fratrum
1550 3222 1617 3259 est
1645 3217 1826 3272 ydolum
1859 3217 2027 3259 distans
2047 3230 2075 3259 a
2097 3216 2237 3259 Cristo

1249 3358 1302 3365 ——
1321 3349 1426 3377 suus
1442 3335 1693 3389 cuicunque
1709 3334 1835 3376 fratri
1850 3340 1917 3377 est
1933 3335 2124 3390 optimus
2132 3335 2236 3378 450.

1249 3418 1303 3424 —
1336 3394 1652 3435 monachorum
1687 3393 1807 3435 idem
1842 3394 1889 3435 in
1918 3407 2104 3436 numero
2135 3407 2237 3436 cum

1306 3453 1468 3495 sanctis
1498 3453 1545 3494 in
1574 3452 1820 3494 Ierusalem
1848 3454 1948 3495 454.

1249 3535 1299 3542 ——
1335 3512 1647 3553 canonicorum
1683 3511 1803 3553 idem
1839 3525 1942 3553 cum
1984 3511 2147 3553 sanctis
2191 3511 2239 3552 in

1306 3570 1552 3612 Ierusalem
1583 3570 1830 3613 454—455.
