2528 4074
927 389 1234 430 GENERAL
1265 389 1486 428 INDEX.

161 533 350 633 Orgssrges
387 533 604 588 dyabolus
641 532 939 588 paralogismo
977 532 1149 574 seducit

0 647 3 695 ἶ
85 701 88 705 .
161 673 215 680 -
248 649 500 705 dissipando
521 662 656 705 opera
675 648 749 690 dei
765 648 814 689 in
833 647 898 690 eis
917 648 1148 693 salvantur

160 789 214 796 -—
246 779 326 820 per
363 765 601 820 dyabolum
639 764 687 806 in
725 764 960 809 ecclesiam
1000 765 1146 806 subin-

217 829 389 865 trarunt
418 825 516 866 228.

161 905 215 912 —
246 895 380 937 super
392 887 562 924 tectum
577 881 764 923 ecclesie
779 881 1032 923 subintrant
1046 882 1145 924 228.

161 963 215 971 -
247 940 467 995 quomodo
511 939 802 982 materialiter
837 939 924 982 sint
969 940 1148 982 amandi

160 1081 214 1087 —
246 1071 335 1098 non
356 1056 523 1099 habent
542 1057 590 1098 in
611 1057 790 1099 domino
807 1057 1146 1099 fundamentum

163 1196 217 1203 -
248 1174 416 1216 novelli
445 1186 534 1216 non
558 1175 726 1220 intrant
744 1174 792 1215 in
813 1174 1048 1216 ecclesiam
1069 1188 1149 1230 per

217 1232 378 1274 ostium
406 1233 557 1274 Iesum
588 1234 686 1275 227.

161 1314 213 1320 —
245 1291 366 1346 apud
395 1290 551 1333 fideles
581 1291 775 1347 suspecti
805 1292 903 1334 228.

161 1372 214 1380 -
247 1350 502 1405 conspirant
529 1350 577 1391 in
606 1354 794 1392 mortem
824 1349 986 1391 cesaris
1017 1350 1116 1392 227.

161 1432 214 1438 —-
246 1409 351 1450 novi
389 1422 657 1464 cognoscere
695 1408 861 1450 debent
888 1408 1008 1463 quod
1039 1408 1148 1449 deus

217 1467 445 1534 dispensat
475 1472 521 1509 et
549 1467 737 1523 precipit
770 1466 890 1522 quod
919 1467 1016 1508 sine
1047 1480 1149 1508 con-

217 1526 410 1567 sciencia
455 1526 709 1581 dirumpant
756 1525 970 1567 cathenas
1013 1525 1150 1567 homi-

215 1598 322 1625 num
355 1585 453 1627 285.

67 1674 82 1681 -
162 1666 216 1672 -
248 1643 411 1698 privati
439 1643 649 1685 resistunt
679 1642 863 1698 Spiritui
893 1642 935 1685 S.
967 1643 1067 1685 479.

161 1701 373 1743 —dinum
425 1702 629 1757 specialis
674 1707 887 1757 patronus
933 1702 1150 1756 dyabolus

160 1842 214 1848 -
245 1819 479 1875 privilegio
510 1824 650 1862 status
681 1820 949 1875 apostolicus
975 1833 1066 1861 non
1085 1819 1149 1860 in-

213 1878 403 1934 signitus
435 1883 503 1920 est
532 1879 780 1921 462—463.

156 1959 212 1966 ——
245 1936 560 1979 excusaciones
590 1952 681 1979 non
710 1938 866 1980 valent
896 1939 995 1980 478.

156 2018 209 2024 —-
241 1995 453 2050 iniquitas
489 2009 570 2051 per
597 1997 834 2052 ypocrisim
871 1997 1017 2038 celata
1047 1997 1146 2038 480.

158 2077 210 2082 -
241 2055 417 2109 patroni
447 2060 498 2096 ut
527 2055 589 2096 sic
618 2060 920 2110 peccaverunt
950 2057 1049 2097 453.

160 2135 213 2140 -
246 2112 411 2154 eleccio
443 2115 543 2156 450.

161 2193 213 2200 —-
246 2172 528 2226 superfluitas
561 2173 659 2215 300.

157 2254 211 2259 —
233 2231 409 2272 novitas
420 2231 937 2286 impeditplenitudinem
945 2230 1057 2286 legis
1076 2233 1145 2273 96.

156 2313 212 2318 -—
243 2289 372 2330 multi
398 2290 680 2332 menciuntur
711 2292 779 2332 59.

159 2370 213 2377 —-
244 2348 519 2402 privatorum
549 2349 688 2391 abbas
717 2361 837 2404 papa
867 2353 935 2390 est
967 2349 1065 2390 127.

162 2429 213 2435 -
237 2407 552 2449 conventicula
567 2412 670 2450 sunt
684 2421 860 2450 camere
878 2407 1058 2461 dyaboli
1075 2409 1144 2450 57.

158 2488 210 2494 —
242 2466 670 2509 communicaciones
700 2466 879 2523 fugiunt
898 2466 1053 2508 fideles
1076 2468 1145 2509 60.

157 2547 211 2553 —
243 2524 439 2566 fautores
467 2525 748 2568 voluntatem
769 2525 900 2567 Oristi
914 2525 1146 2567 consulere

219 2583 428 2624 videntur
459 2585 527 2626 61.

262 2646 577 2684 extraneorum
626 2642 897 2685 introduccio
944 2642 1002 2683 ad
1051 2642 1146 2683 uni-

214 2704 354 2742 tatem
385 2702 454 2743 99.

160 2781 212 2788 —-
245 2759 414 2802 fructus
445 2760 514 2802 57.

159 2844 211 2849 —
242 2822 424 2872 pasture
453 2818 632 2873 publice
663 2817 760 2860 102.

161 2900 212 2906 -
245 2876 476 2919 exclusiva
494 2877 691 2919 varietas
722 2877 792 2918 97.

160 2959 212 2963 —
244 2935 469 2977 fautorum
501 2935 678 2978 edificia
707 2936 777 2977 96.

160 3018 212 3022 —
244 2994 458 3049 capitales
496 2995 734 3036 observant
761 2994 891 3050 signa
920 2994 1148 3036 sensibilia
1190 3009 1193 3035 ε

160 3054 466 3167 —3ggpitanei
503 3111 716 3154 affectant
745 3111 935 3155 honores
964 3101 1148 3154 munda-

159 3171 462 3271 —niizvigllim
500 3229 688 3285 quilibet
725 3234 793 3272 est
821 3242 962 3271 unum
992 3243 1150 3285 corpus

161 3288 464 3389 —31215vorum
494 3346 671 3402 presciti
705 3346 805 3389 363.

161 3427 214 3434 —
244 3405 511 3448 tradiciones
548 3404 781 3447 deviantes
818 3417 846 3447 a
877 3405 1017 3447 Cristo
1049 3406 1148 3448 222.

161 3486 214 3492 —
246 3465 422 3507 malicie
454 3463 511 3505 ad
539 3468 683 3505 totum
712 3463 935 3506 hominem
964 3469 1069 3507 sunt
1089 3465 1150 3506 di-

216 3522 399 3565 latande
431 3523 530 3566 225.

160 3604 214 3610 -
246 3582 441 3624 variacio
473 3581 760 3624 accidentalis
791 3582 890 3623 531.

1190 1964 1194 2013 Ι

2117 392 2217 440 791

1237 532 1454 574 Ordinum
1483 532 1624 572 bucce
1654 532 1792 572 rubee
1824 533 1921 573 535.

1237 614 1293 620 —
1323 590 1608 631 habitudines
1638 589 1839 630 odiamus
1870 590 1968 631 228.

1239 672 1293 678 --
1323 647 1596 689 introduccio
1627 648 1762 702 quale
1792 647 1958 688 habeat
1976 649 2224 702 periculum

1237 788 1291 794 —
1323 765 1453 819 signa
1482 764 1683 819 pingwes
1712 768 1892 805 ventres
1923 765 2021 805 535.

1238 845 1290 852 —-
1322 827 1600 864 monstruosa
1629 821 1804 863 edificia
1832 822 1930 863 531.

1238 905 1290 911 -
1323 881 1490 923 solucio
1521 881 1568 921 in
1598 885 1766 922 sectam
1796 879 1926 922 Oristi
1956 881 2055 922 481.

1237 963 1289 969 --
1322 939 1598 995 regulatores
1628 952 1686 981 ne
1717 939 1805 981 sint
1834 939 2036 980 canonici
2066 940 2165 981 248.

1237 1022 1291 1028 -—
1323 1003 1515 1053 quatuor
1544 998 1731 1039 funiculi
1762 999 1859 1040 198.

1237 1081 1292 1087 -—
1323 1057 1526 1099 merdose
1561 1057 1743 1113 argucie
1774 1058 1873 1098 580.

1236 1116 1292 1158 de
1325 1140 1377 1145 ——
1410 1115 1566 1157 habitu
1596 1115 1812 1170 cerporali
1843 1116 1942 1157 457.

1235 1175 1280 1216 in
1313 1174 1547 1216 -dinibus
1576 1175 1704 1216 nov-is
1724 1174 1867 1229 pietas
1889 1173 2140 1215 exercenda
2162 1178 2228 1215 est

1238 1315 1292 1322 --
1327 1292 1544 1345 dyabolus
1575 1291 1823 1345 hospitatur
1854 1292 1922 1332 57.

1238 1375 1291 1381 -—
1323 1350 1508 1406 privatis
1544 1350 1731 1405 contigit
1766 1349 2026 1404 profundari
2057 1353 2102 1391 et
2136 1361 2227 1390 ma-

1296 1409 1436 1450 culari
1469 1409 1565 1450 102.
1601 1431 1607 1438 -

1239 1492 1293 1497 —-
1326 1467 1542 1521 dyabolus
1574 1467 1743 1508 amicus
1775 1471 1841 1508 est
1871 1467 1940 1508 57.

1238 1527 1470 1582 Organum
1489 1525 1797 1567 immediatum
1818 1531 1885 1567 est
1899 1525 2065 1566 donum
2081 1530 2228 1579 septu-

1325 1586 1400 1627 lex
1431 1586 1530 1627 209.

1240 1600 1417 1700 -gana
1453 1644 1590 1685 habet
1619 1643 1830 1685 sathanas
1868 1656 1949 1698 per
1978 1642 2112 1684 falsos
2144 1642 2228 1683 fra-

1295 1708 1386 1744 tres
1418 1704 1516 1744 393.

1239 1761 1469 1818 Originale
1499 1765 1733 1816 peccatum
1765 1761 1834 1802 91.

1239 1821 1530 1876 Originantur
1559 1819 1762 1861 canonici
1786 1832 1842 1860 ex
1864 1818 2096 1860 mendacio
2128 1818 2227 1860 247.

1239 1879 1375 1935 Origo
1407 1878 1648 1920 sacerdotis
1679 1878 1849 1919 cesar-ei
1879 1879 1977 1920 243.

1242 1962 1290 1968 —
1345 1944 1567 1980 sectarum
1626 1942 1826 1992 tempore
1877 1936 2112 1978 solucionis
2163 1948 2229 1977 sa-

1296 1997 1433 2038 thane
1467 1998 1535 2038 68.

1239 2080 1293 2085 —
1326 2056 1568 2097 cuiuslibet
1597 2059 1798 2096 creature
1831 2055 1928 2096 163.
1960 2086 1962 2089 -

1191 2104 1193 2148 3
1237 2114 1429 2156 Ornacio
1466 2114 1754 2169 reproborum
1793 2119 1838 2154 et
1876 2114 1924 2154 in
1955 2125 2087 2168 opere
2117 2112 2230 2153 iniu—

1293 2178 1460 2215 storum
1493 2173 1589 2215 173.

1237 2227 1513 2273 Orna'menta
1543 2236 1766 2273 sectarum
1799 2232 1896 2273 711.

1237 2315 1289 2320 —
1323 2291 1548 2346 superflua
1585 2291 1682 2332 143.

1237 2374 1291 2379 -—
1324 2349 1552 2391 sensibilia
1585 2350 1682 2391 170.

1238 2432 1292 2438 —
1323 2409 1540 2450 honorare
1572 2408 1692 2449 mala
1723 2412 1790 2449 est
1818 2407 1977 2463 regula
2010 2407 2106 2449 173.

1237 2468 1497 2523 Orologium
1527 2467 1802 2521 superfluum
1834 2471 1900 2508 est
1931 2467 2029 2508 302.

1236 2526 1402 2581 -logii
1440 2526 1694 2581 exemplum
1731 2525 1988 2567 medullitus
2024 2538 2227 2580 prosecu-

1291 2590 1388 2626 tum
1434 2589 1500 2626 est
1530 2586 1586 2626 ab
1618 2590 1800 2626 auctore
1833 2585 1931 2626 302.

1190 2634 1192 2655 ⁵
1240 2643 1498 2686 Orthodoxa
1513 2643 1623 2685 fides
1640 2644 1695 2685 de
1712 2643 1959 2699 quidditate
1976 2642 2117 2684 hostie
2127 2655 2228 2683 con-

1294 2708 1465 2744 secrate
1498 2703 1596 2744 282.

1236 2761 1409 2803 —doxe
1438 2762 1517 2802 lux
1546 2760 1652 2803 fidei
1683 2761 1958 2803 excucienda
1987 2761 2088 2802 400.

1236 2820 1297 2861 Os
1327 2820 1514 2861 fratrum
1543 2820 1740 2875 loquitur
1768 2820 2023 2875 superbiam
2054 2820 2123 2861 66.

1237 2879 1470 2921 Osculacio
1501 2879 1668 2934 pedum
1698 2892 1814 2934 pape
1847 2880 1945 2922 690.

1237 2937 1447 2980 Ostencio
1478 2943 1700 2980 cartarum
1733 2939 1830 2980 704.

1237 2996 1486 3038 Ostendere
1517 3002 1686 3038 cartam
1715 2997 1958 3038 humanam
1991 2997 2088 3039 136.

1237 3055 1411 3097 Ostium
1443 3056 1599 3097 domus
1630 3056 1703 3097 dei
1734 3056 1901 3097 Gristus
1933 3060 2000 3097 est
2033 3056 2129 3097 175.

1236 3127 1317 3169 per
1332 3137 1388 3145 —
1405 3115 1554 3156 Iesum
1572 3115 1740 3156 novelli
1761 3114 1936 3156 ordines
1951 3128 2043 3156 non
2062 3114 2230 3155 intrant

1295 3173 1341 3214 in
1373 3174 1608 3215 ecclesiam
1640 3175 1738 3215 227.

1238 3231 1357 3274 Oves
1389 3231 1519 3273 Cristi
1556 3232 1769 3274 seducere
1808 3245 1890 3287 per
1917 3233 2039 3274 viam
2067 3231 2229 3273 inferni

1239 3372 1292 3378 -—
1326 3362 1546 3404 pauperes
1583 3349 1726 3390 curati
1762 3350 2032 3391 custodirent
2067 3350 2115 3390 in
2154 3362 2228 3390 ex-

1297 3408 1401 3449 teris
1432 3408 1671 3463 provinciis
1705 3410 1801 3450 130.

1239 3467 1396 3508 ——ibus
1427 3466 1557 3508 Cristi
1584 3479 1704 3522 papa
1733 3481 1944 3509 onerosus
1976 3468 2074 3509 127.

1239 3525 1437 3567 Ovorum
1467 3539 1702 3567 numerum
1732 3539 1988 3568 mensurare
2020 3527 2119 3568 536.
