2528 4074
792 1111 841 1165 J
841 1112 1164 1165 ΟΗΑΝΝΙ
1166 1112 1211 1164 S
1256 1111 1539 1165 WICLIF

220 1295 344 1354 DE
397 1292 766 1354 DUOBUS
827 1292 1362 1352 GENEBIBUS
1417 1290 2112 1351 HERETICORUM.

1149 1496 1220 1537 De
1253 1495 1424 1537 duobus
1455 1495 1693 1550 generibus
1724 1493 2032 1535 hereticorum.

283 1774 434 1846 llDuo
473 1785 594 1827 sunt
630 1794 822 1843 genera
859 1776 1218 1837 hereticorum,
1243 1771 1246 1843 Ι
1268 1776 1331 1825 de
1372 1775 1556 1842 quibus
1582 1775 1715 1826 foret
1740 1774 1938 1841 Anglia
1964 1771 2048 1843 ex}
2063 1793 2181 1842 pur-
2199 1776 2347 1856 ἐΙΕιζὲξ·
2355 1779 2451 1854 219810

138 1865 327 1930 ganda.
391 1865 552 1915 Primi
590 1871 710 1915 sunt
747 1865 1043 1932 symoniaci,
1081 1862 1087 1932 Ι
1124 1864 1209 1932 qui
1248 1870 1368 1914 sunt
1405 1880 1581 1913 omnes
1611 1880 1763 1930 pape,
1805 1863 2048 1930 episcopi,
2093 1881 2179 1914 cu-

136 1952 236 2002 rati
287 1953 372 2004 vel
423 1952 769 2020 prebendarii,
826 1953 913 2020 qui
966 1959 1226 2019 occupant
1278 1951 1575 2018 symoniace
1612 1951 1981 2018 patrimonium
2021 1953 2181 2003 cruci-

136 2040 241 2090 fixi.
319 2040 547 2091 Secundi
598 2048 719 2091 sunt
770 2041 1058 2108 apostatici,
1115 2041 1201 2107 qui
1248 2047 1368 2090 sunt
1406 2057 1580 2090 omnes
1621 2039 1810 2101 clerici,
1866 2040 1956 2091 sed
1992 2040 2182 2107 prelati

94 2129 395 2195 5precipue,
437 2130 524 2196 qui
562 2129 861 2180 discredunt
898 2129 1066 2179 medie
1111 2129 1249 2195 parti
1285 2128 1406 2179 fidei
1454 2127 1724 2190 catholice,
1767 2146 1869 2195 qua
1910 2128 2181 2179 cristianus

136 2216 313 2278 credit,
370 2217 507 2284 quod
546 2215 744 2268 Cristus
781 2217 945 2268 viavit
982 2217 1037 2267 in
1080 2217 1229 2267 terris
1267 2217 1552 2267 secundum
1604 2216 1766 2267 vitam
1821 2234 2017 2267 summe
2055 2234 2181 2283 pau-

135 2309 346 2371 per-ema
396 2312 449 2355 et
499 2305 756 2372 penalem.
832 2305 898 2355 In
948 2304 1042 2355 illa
1094 2312 1267 2355 autem
1309 2305 1418 2356 vita
1456 2305 1497 2355 si
1535 2301 1633 2355 sit1
1687 2305 1933 2366 fidelitas,
1991 2304 2183 2355 debent

136 2392 426 2460 quicunque
464 2393 694 2461 episcopi
729 2394 1068 2461 propinquius
1107 2394 1251 2460 sequi
1289 2391 1530 2444 Cristum.
1609 2392 1743 2443 Cum
1790 2399 1964 2444 autem
2003 2410 2179 2443 omnes

135 2479 348 2532 heretici
402 2488 521 2532 sunt
572 2481 776 2549 leprosi,
833 2482 919 2549 qui
973 2481 1165 2533 debent
1202 2482 1487 2533 secundum
1527 2482 1868 2547 ewangelium
1906 2481 2036 2532 Luc.
2081 2476 2179 2531 14²²

0 2577 2 2579 ’
69 2587 120 2627 ιο
135 2575 270 2620 stare
309 2586 340 2619 a
377 2569 530 2636 longe
569 2577 621 2620 et
644 2570 819 2622 vivere
857 2577 1007 2621 extra
1045 2577 1229 2632 castra,
1260 2576 1279 2630 ΙΙ
1309 2570 1429 2637 quia
1466 2570 1804 2637 nephandum
1842 2569 1989 2631 foret,
2030 2586 2179 2636 reges
2201 2585 2216 2630 ιι
2241 2588 2345 2629 Efoz.
2369 2586 2457 2621 18101

135 2663 187 2707 et
237 2658 495 2709 seculares
548 2658 780 2709 dominos
832 2658 1027 2709 habere
1080 2659 1211 2710 tales
1258 2659 1486 2727 leprosos
1535 2658 1850 2709 consiliarios
1889 2658 1974 2709 vel
2014 2658 2086 2708 eis
2124 2658 2179 2707 in

134 2744 227 2795 tali
265 2745 571 2813 duplicitate
598 2742 925 2809 consentire2,
966 2765 1069 2797 non
1096 2747 1326 2809 dubium,
1369 2747 1493 2815 quin
1519 2744 1801 2813 contingit3
1840 2764 2057 2812 regnum
2084 2763 2179 2813 per

133 2832 263 2883 tales
316 2833 544 2901 leprosos
598 2834 913 2886 consiliarios
961 2836 1302 2886 contaminari
1339 2835 1653 2901 generaliter
1691 2842 1743 2886 et
1780 2834 2179 2902 perturbacione

134 2922 413 2973 secundum
471 2923 626 2975 deum
665 2930 718 2973 et
754 2922 1014 2974 hominem
1049 2923 1501 2975 irremediabiliter
1536 2924 1740 2974 irretiri.
1817 2923 1890 2974 Et
1925 2923 2064 2974 idem
2103 2929 2181 2973 est

0 3007 21 3060 f
70 3025 118 3066 15
133 3010 379 3062 iudicium
419 3011 483 3062 de
523 3028 774 3062 consensu
812 3011 951 3074 cleri,
993 3012 1101 3064 sive
1138 3012 1331 3063 fuerint
1356 3012 1585 3080 episcopi
1623 3013 1730 3064 sive
1755 3011 2045 3080 presbyteri
2071 3011 2179 3062 sive

494 3159 515 3179 ‘²
549 3156 650 3198 This
677 3158 714 3198 is
744 3159 811 3198 the
839 3159 938 3198 view
969 3159 1022 3211 of
1045 3159 1112 3198 the
1142 3159 1422 3199 Frasaeiscans
1451 3159 1506 3212 of
1530 3160 1596 3198 the
1625 3158 1794 3199 strider
1824 3158 2080 3209 observatio-e,
2113 3171 2176 3210 ep.

424 3230 620 3279 Milmam,
649 3231 749 3271 Lat.
783 3231 1058 3286 Christianity
1096 3232 1206 3280 VII,
1237 3246 1330 3285 cap.
1363 3235 1388 3273 6
1508 3229 1525 3254 ²²
1556 3247 1592 3273 v.
1615 3235 1667 3273 21
1693 3231 1744 3287 ff.

252 3359 267 3383 ¹
298 3362 335 3402 si
364 3375 425 3404 as.
457 3361 513 3403 sit
539 3362 659 3415 (sie)
687 3364 778 3404 eod.
907 3360 926 3385 2
956 3363 1129 3404 bebween
1159 3362 1417 3419 duplicitate
1449 3365 1535 3404 and
1565 3363 1813 3405 consentire
1844 3365 1912 3404 the
1940 3363 2074 3404 scribe
2103 3364 2180 3403 bas

134 3433 215 3487 left
242 3449 270 3474 a
299 3435 427 3475 blank
455 3450 600 3489 space5
634 3436 669 3476 Ι
693 3436 855 3484 believe,
875 3438 925 3477 be
945 3437 1069 3478 could
1097 3441 1170 3479 not
1198 3439 1305 3478 read
1336 3437 1593 3492 duplicitate
1623 3439 1668 3478 in
1687 3438 1752 3478 bis
1772 3437 1957 3490 original
1977 3437 2063 3476 and
2084 3436 2176 3490 left,

134 3521 163 3547 a
189 3522 315 3560 space
343 3512 409 3549 too
440 3509 560 3562 Zwrye
588 3510 661 3563 for
691 3511 757 3551 the
785 3511 903 3552 word
930 3511 1062 3551 which
1091 3513 1178 3552 bad
1207 3515 1250 3553 to
1281 3511 1327 3551 be
1358 3511 1498 3552 added
1527 3510 1786 3564 afterwards
1908 3506 1928 3532 3
1958 3509 2174 3565 contingit

133 3593 183 3620 or
211 3581 432 3635 convenit,
464 3584 531 3623 ibe
561 3583 843 3624 abbreviation
873 3585 909 3624 is·
939 3588 1011 3624 not
1042 3584 1159 3624 clear
