2528 4074
891 403 1193 444 GENERAL
1225 403 1445 443 INDEX.

185 552 309 593 Lites
339 551 542 592 verbales
571 551 641 592 37.

186 609 379 651 Locucio
411 608 538 651 Cristi
570 608 754 650 confusa
785 607 853 649 77.

186 691 239 698 -
271 666 469 709 fidelium
500 667 558 708 ad
587 666 660 708 dei
687 665 901 707 honorem
931 665 999 707 79.

186 750 237 757 —
278 725 439 780 triplex
477 730 544 767 est
577 724 626 765 in
663 723 818 778 quinto
857 722 1068 765 mandato
1105 727 1168 764 ta-

242 783 346 825 bule
365 783 572 825 *secunde
604 783 701 824 121.

183 866 237 873 —
269 841 469 883 mandati
487 841 642 896 quinte
661 839 815 883 tabule
835 839 1030 881 secunde
1061 853 1167 895 que-

240 900 350 942 libet
387 900 521 942 debet
560 911 657 941 esse
698 912 778 954 pro
818 899 934 940 bono
978 899 1167 954 proximi

182 1018 328 1059 Locus
357 1021 631 1058 mortuorum
661 1028 689 1057 a
719 1015 802 1057 deo
835 1016 1007 1058 electus
1039 1017 1136 1058 147.

184 1099 238 1106 —
268 1075 526 1130 blaspheme
555 1074 724 1116 heresis
756 1075 853 1116 149.

183 1159 236 1164 —
267 1134 510 1190 purgatorii
541 1135 638 1175 148.

182 1216 236 1223 -
267 1197 447 1234 sanctus
477 1197 632 1234 manet
666 1205 723 1234 ex
752 1191 989 1233 sanctitate
1020 1191 1168 1233 anime

181 1310 436 1365 Longitudo
466 1309 676 1365 temporis
707 1314 927 1351 sectarum
961 1309 1058 1351 175.

179 1368 325 1423 Loqui
369 1382 470 1410 cum
513 1368 758 1423 prudencia
800 1368 847 1409 in
886 1367 1075 1409 materia
1112 1367 1167 1409 de

235 1427 491 1483 purgatorio
525 1428 622 1469 146.
763 1443 768 1447 ·

180 1508 233 1515 ——
266 1491 397 1528 acute
429 1491 583 1527 contra
616 1489 761 1527 sectas
794 1485 867 1539 133
902 1485 969 1527 14.

93 1554 98 1559 ’
179 1549 310 1586 -tur
338 1544 526 1599 Spiritus
556 1543 599 1586 S.
629 1544 685 1586 de
715 1543 847 1586 sectis
875 1543 922 1584 in
951 1544 1168 1599 scriptura

179 1604 526 1704 —Zhdil‘modus
547 1660 677 1703 Gristi
704 1661 752 1702 in
781 1661 996 1716 scriptura
1017 1662 1086 1703 77.

93 1759 97 1761 r
177 1720 342 1762 -dum
373 1724 441 1762 est
468 1720 625 1762 micius
654 1724 809 1762 contra
837 1720 996 1762 fratres
1028 1721 1095 1761 13.

175 1779 358 1821 Lubrici
386 1783 662 1835 congregant
689 1778 863 1834 puellas
899 1780 968 1822 55.

175 1837 434 1879 Luciferina
462 1838 672 1893 superbia
699 1850 800 1879 raro
830 1837 904 1879 vel
934 1850 1164 1893 nunquam

236 1896 384 1938 deficit
413 1897 544 1938 sectis
571 1897 680 1945 273.

175 1968 275 1996 cum
305 1955 513 1997 Lucifero
543 1955 720 2010 spiritus
749 1954 1007 1997 ceciderunt
1038 1955 1134 1996 123.

175 2013 368 2055 Lucrum
400 2018 595 2069 querunt
625 2018 745 2056 secte
778 2015 847 2056 66.

176 2095 230 2102 —-
269 2073 580 2128 temporalium
625 2077 844 2128 appetunt
888 2077 1028 2125 secte,
1075 2086 1165 2114 non

231 2131 492 2187 pauperiem
522 2132 627 2173 Iesu
657 2131 790 2173 Cristi
821 2132 920 2173 313.

175 2195 354 2246 propter
382 2195 510 2246 turpe
533 2214 588 2221 —
621 2195 689 2232 est
708 2203 844 2231 causa
864 2189 1043 2274 dyaboli
1063 2203 1164 2231 con-

234 2249 410 2290 firmata
439 2250 539 2292 420.

176 2308 371 2349 Ludicra
399 2309 539 2350 verba
569 2308 755 2350 fratrum
787 2309 855 2350 56.

177 2390 229 2397 —
279 2372 324 2408 et
368 2367 482 2408 falsa
526 2367 684 2408 fratres
719 2366 950 2421 predicant
986 2370 1167 2421 propter

174 2426 542 2585 Lugdffipitpusnugi
566 2497 654 2540 que
675 2496 703 2525 a
723 2483 853 2526 sectis
874 2485 1167 2526 observantur

175 2602 419 2646 secundum
458 2625 512 2632 -
551 2601 786 2643 mendacia
814 2602 1029 2656 populum
1061 2602 1165 2644 allo-

233 2665 432 2716 quuntur
459 2664 581 2702 secte
612 2661 681 2702 52.

175 2733 278 2760 cum
307 2719 420 2761 -iis
450 2719 648 2774 apocrifa
677 2718 874 2774 allegata
901 2724 1005 2760 sunt
1035 2720 1134 2761 250.

177 2778 333 2819 Ludus
362 2777 558 2820 illusioni
587 2777 661 2819 dei
689 2777 976 2833 propinquior
1006 2779 1104 2820 334.

631 2935 702 2982 M.

176 3070 445 3112 Machometi
475 3075 596 3113 secta
626 3071 833 3113 observat
860 3070 970 3112 ritus
998 3084 1165 3126 panno-

233 3143 332 3171 rum
362 3129 432 3171 30.

176 3210 231 3218 -—
253 3193 377 3230 secta
389 3188 503 3230 vivit
520 3187 725 3243 penalius
739 3192 932 3243 quatuor
945 3188 1077 3230 sectis
1093 3190 1162 3231 30.

177 3269 231 3276 —-
263 3251 386 3288 secta
413 3247 526 3288 bibit
553 3246 819 3302 regulariter
848 3259 1011 3302 aquam
1042 3248 1112 3290 30.

176 3305 355 3346 Macule
386 3305 518 3360 epule
549 3310 769 3347 sectarum
801 3305 870 3347 70.

178 3387 232 3393 —
264 3368 384 3405 secte
415 3363 657 3405 convivant
685 3364 733 3405 in
764 3364 907 3419 epulis
939 3364 1008 3406 70.

176 3422 441 3478 Mag-natum
473 3421 798 3477 depauperacio
830 3423 928 3465 302.

178 3503 231 3510 —
263 3481 491 3536 sepulture
522 3482 621 3523 143.

175 3552 308 3594 super
338 3561 382 3569 -
397 3544 515 3581 atem
543 3543 770 3581 terrenum
800 3539 977 3581 mentiri
1007 3540 1106 3582 349.

175 3597 512 3654 Magnificaccio
535 3597 663 3639 Cristi
692 3611 774 3654 per
791 3598 1038 3653 Baptistam
1061 3599 1160 3641 299.

2134 407 2238 455 779

1256 545 1551 601 Magnificant
1587 547 1686 588 falsi
1723 547 1938 601 prophete
1976 548 2109 590 libros
2140 562 2245 590 suos

1257 606 1491 704 —4f'l-{tres
1507 676 1609 704 suos
1625 662 1800 704 ordines
1815 676 1950 717 supra
1966 663 2155 706 Gristum
2173 666 2242 707 39.

1257 725 1415 762 —atur
1443 721 1641 775 prelatus
1671 734 1806 775 supra
1834 721 2023 762 Cristum
2055 724 2153 765 475.

1254 779 1519 835 Magnitudo
1550 784 1595 821 et
1623 793 1834 821 numerus
1863 780 2083 821 esibilium
2114 783 2212 823 535.

1254 837 1423 893 Magog
1459 837 1517 879 ad
1552 842 1729 892 tempus
1765 838 1987 880 modicum
2016 839 2248 881 abscondit

1314 895 1493 937 hereses
1523 909 1625 938 suas
1656 901 1792 951 atque
1821 897 2046 951 ypocrises
2076 898 2176 939 400.

1259 977 1309 984 --
1343 968 1434 996 non
1465 955 1602 996 audet
1630 955 1817 1010 prodere
1847 955 1981 996 fidem
2012 968 2138 996 suam
2161 957 2247 997 nisi

1317 1013 1363 1054 in
1394 1013 1577 1068 privatis
1608 1014 1737 1055 scolis
1769 1015 1867 1056 399.

1259 1094 1313 1101 -—
1345 1072 1663 1127 interpretatur
1682 1073 1738 1114 de
1760 1073 1937 1114 domate
1957 1072 2032 1114 vel
2053 1073 2108 1115 de
2128 1078 2249 1114 tecto

1258 1211 1312 1218 --
1350 1189 1601 1244 significare
1639 1189 1818 1231 videtur
1853 1203 1971 1246 pape
2009 1190 2246 1246 discipulos

1256 1306 1449 1348 Maiores
1479 1307 1526 1347 in
1556 1306 1705 1348 seculo
1736 1306 1983 1348 honorandi
2012 1312 2115 1349 sunt
2147 1307 2245 1349 172.

1255 1364 1380 1405 Mala
1409 1365 1809 1419 correspondencia
1838 1366 1968 1407 sectis
1999 1367 2097 1408 348.

1258 1447 1312 1453 —-
1346 1436 1402 1464 ex
1434 1423 1517 1465 deo
1548 1436 1728 1478 quoque
1759 1423 1861 1465 oriri
1889 1438 2018 1478 posse
2040 1424 2250 1466 dicuntur

1257 1564 1312 1570 —-
1335 1540 1439 1582 oriri
1452 1545 1638 1595 possunt
1649 1554 1705 1582 ex
1722 1541 1924 1596 qualibet
1938 1554 2129 1596 persona
2146 1542 2247 1583 229.

1255 1598 1499 1641 Maledicta
1530 1600 1702 1641 dotacio
1734 1599 1841 1641 cleri
1870 1600 2037 1641 cesarei
2069 1601 2166 1642 175.

1256 1658 1375 1699 —cti
1405 1658 1562 1700 fratres
1594 1671 1621 1699 a
1656 1658 1834 1700 domino
1867 1660 1936 1700 95.

1255 1740 1309 1747 —-
1343 1717 1401 1758 ad
1431 1717 1798 1772 dampnacionem
1831 1717 2021 1759 ordinati
2053 1719 2149 1760 146.

1254 1775 1436 1817 Malicia
1466 1781 1687 1817 sectarum
1718 1789 1852 1831 supra
1883 1776 2122 1830 dyabolum
2146 1777 2215 1818 66.

1257 1857 1310 1863 -
1343 1834 1523 1888 dyaboli
1554 1835 1632 1876 diu
1662 1835 1871 1876 indurata
1902 1836 1999 1877 249.

1255 1893 1381 1934 —cie
1413 1893 1616 1934 ordinum
1638 1894 1695 1935 ad
1723 1899 1866 1936 totum
1897 1894 2122 1936 hominem
2142 1899 2246 1935 sunt

1313 1952 1541 1994 dilatande
1571 1953 1670 1995 225.

1252 2011 1299 2051 in
1329 2011 1467 2052 —ciis
1496 2012 1712 2053 anticristi
1740 2024 1858 2066 papa
1889 2011 2044 2053 crescit
2076 2011 2173 2053 127.

1252 2069 1605 2125 Malignancium
1614 2071 1803 2112 ecclesia
1813 2074 1879 2112 est
1887 2070 2197 2112 anticristus39
2204 2070 2226 2111 7
2233 2102 2242 2111 .

1252 2128 1425 2169 Malum
1461 2129 1815 2184 ingredientibus
1851 2129 1896 2169 in
1929 2129 2127 2170 ordinem
2158 2129 2244 2170 fra-

1312 2192 1430 2228 trum
1462 2189 1531 2230 96.

1256 2270 1309 2275 ——
1334 2259 1390 2287 ex
1406 2251 1529 2288 secta
1543 2247 1843 2302 Hospitalium
1859 2246 2126 2301 proveniens
2143 2247 2241 2288 272.

1256 2329 1309 2334 —
1343 2318 1444 2346 cum
1475 2306 1591 2347 bono
1613 2306 1850 2347 miscentes
1871 2305 2146 2346 mendaciter
2169 2305 2244 2346 de-

1313 2364 1545 2405 nominant
1574 2369 1716 2406 totum
1747 2365 1913 2406 bonum
1945 2365 2043 2405 312.

1255 2435 1284 2463 a
1312 2422 1414 2463 —lo
1447 2427 1514 2464 est
1543 2424 1819 2465 mendicacio
1851 2423 1992 2464 omnis
2023 2424 2122 2465 366.

1254 2481 1519 2522 Mandatum
1541 2482 1670 2524 Cristi
1690 2482 1850 2523 fratres
1871 2482 2120 2537 infringunt
2141 2483 2241 2523 469.

1258 2563 1310 2568 —
1343 2540 1503 2597 prelati
1544 2541 1662 2582 cedit
1699 2541 1757 2582 ad
1795 2541 2002 2582 meritum
2040 2540 2246 2582 facientis

1257 2681 1310 2685 -
1345 2657 1540 2699 caritatis
1571 2663 1638 2699 est
1668 2658 1994 2700 observandum
2028 2659 2095 2699 14.

1257 2740 1309 2744 —
1342 2729 1458 2771 pape
1489 2716 1545 2758 de
1577 2716 1781 2759 Cruciate
1811 2717 2024 2758 militibus
2055 2717 2154 2758 600.

1257 2798 1310 2804 ——
1332 2775 1522 2829 primum
1546 2776 1742 2817 secunde
1761 2775 1915 2817 tabule
1937 2775 2044 2830 quid
2065 2780 2247 2816 moneat

1253 2891 1300 2932 in
1318 2916 1372 2922 —
1387 2893 1577 2948 primum
1600 2893 1804 2948 decalogi
1820 2893 2127 2948 blasphemare
2143 2893 2243 2934 210.

1254 2956 1388 2992 —ata
1418 2951 1491 2993 dei
1520 2957 1625 2993 sunt
1654 2965 1857 2993 connexa
1891 2954 1987 2994 119.

1255 3033 1308 3038 —-
1342 3010 1414 3052 dei
1442 3011 1489 3051 in
1518 3024 1674 3052 versus
1703 3010 1886 3052 redacta
1921 3012 2015 3052 117.

1254 3092 1307 3098 —-
1340 3070 1517 3125 singula
1553 3069 1756 3124 decalogi
1789 3071 1886 3112 118.

1253 3150 1305 3156 ——
1339 3128 1489 3169 omnia
1517 3128 1739 3169 servanda
1776 3129 1872 3170 118.

1251 3191 1483 3228 ——atorum
1492 3187 1657 3228 noticia
1664 3186 1870 3228 fidelibus
1878 3186 2136 3228 annotanda
2145 3187 2165 3226 1
2174 3187 2195 3226 1
2203 3187 2243 3227 6.

1253 3271 1306 3277 —
1341 3246 1657 3287 conservancia
1687 3246 1785 3287 298.

1253 3328 1307 3334 —
1340 3304 1538 3345 binarius
1572 3305 1668 3346 117.

1255 3387 1308 3391 —
1340 3363 1623 3404 conservacio
1663 3367 1730 3405 est
1764 3363 1991 3419 religionis
2021 3362 2139 3404 basis
2169 3362 2243 3403 vel

1311 3421 1651 3463 fundamentum
1683 3423 1781 3464 298.

1254 3505 1308 3510 —
1340 3480 1616 3536 singulorum
1645 3481 1947 3536 prevaricacio
1981 3481 2078 3522 119.

1251 3539 1528 3580 Manducant
1557 3540 1728 3581 fortiter
1757 3544 1877 3581 secte
1908 3539 1978 3580 44.

1252 3598 1406 3639 Mania
1436 3598 1709 3640 anticristiva
1739 3599 1839 3640 400.
