2528 4074
905 430 1208 472 GENERAL
1240 431 1463 472 INDEX.

2099 440 2201 488 769

130 577 410 623 vGeneralem
438 575 641 632 regulam
681 574 847 618 Gristus
877 574 1128 617 hominibus
1217 588 1273 616 ex
1295 574 1457 617 Gracia
1487 575 1561 618 dei
1590 577 1832 619 monachus
1863 578 2057 620 officium
2087 594 2202 622 com-

110 668 113 669 .
195 649 291 679 -uon
320 634 444 677 dedit
473 635 572 676 468.

84 695 89 734 .’
145 694 310 737 -alior
339 692 484 735 oracio
515 705 544 734 a
573 691 715 734 Gristo
745 690 966 746 prefertur
995 692 1094 732 343.

97 762 99 764 ’
144 751 391 796 -xalissima
419 755 543 793 secta
572 754 640 792 est
668 753 791 791 secta
821 748 950 792 Cristi
980 749 1050 791 22.

91 835 107 854 2
142 811 262 855 Gens
290 808 461 866 perfida
489 808 674 851 flatrum
705 809 774 861 79.

86 911 88 914 .
141 874 264 912 —tes
293 872 464 910 mortue
494 871 599 909 sunt
627 855 857 922 dampnati
886 865 986 908 257.

140 927 339 972 Gentiles
369 925 577 968 dicuntur
605 924 808 967 infideles
840 925 937 967 120.

91 1013 96 1022 ·
140 1010 194 1018 -
223 985 572 1042 prevaricatores
602 983 803 1025 mandati
831 983 962 1039 primi
995 984 1091 1027 120.

0 1084 2 1089 .
47 1075 51 1078 -
88 1081 90 1085 .
138 1043 400 1088 Genufle'xio
433 1043 531 1086 120.

0 1122 2 1126 >
103 1104 107 1109 ’
139 1126 195 1135 --
231 1101 490 1144 auricularis
534 1101 752 1144 confessio
797 1105 881 1143 etc.
919 1114 1010 1147 non
1046 1114 1121 1143 ne-

91 1174 114 1219 4
194 1160 384 1204 cessaria
414 1153 471 1201 ad
506 1160 696 1202 salutem
727 1160 826 1202 623.

86 1244 89 1246 -
135 1221 182 1263 in
201 1219 463 1261 -xionibus
493 1233 584 1261 non
613 1222 703 1261 stat
730 1218 888 1274 religio
911 1218 1122 1261 cristiana

0 1275 1 1278 ’
83 1264 112 1321 -ῑῇ
194 1278 292 1322 532.

88 1327 89 1330 Ἴ
135 1336 286 1380 Genus
334 1335 579 1377 humanum
625 1336 763 1378 amori
807 1335 1119 1391 temporalium

0 1363 4 1416 i
102 1431 113 1447 ,.
142 1412 144 1414 v
184 1395 427 1437 inclinatur
456 1394 555 1436 211.

8 1454 10 1461 ⁴
98 1459 101 1462 ⁴
138 1477 191 1484 -
220 1452 465 1495 humanum
496 1453 747 1510 deliquerat
776 1453 874 1496 327.

98 1564 112 1571 ,μ
134 1536 188 1544 -—
216 1512 462 1554 humanum
491 1525 648 1568 regere
679 1517 725 1555 et
754 1525 906 1555 creare
937 1512 1037 1555 208.

90 1568 186 1627 b'...
216 1571 432 1625 inclytum
462 1583 580 1626 pape
612 1572 711 1614 684.

107 1671 110 1674 .
132 1653 185 1661 —
216 1629 561 1672 mendicacionis
593 1630 691 1673 195.

3 1663 5 1696 T
87 1700 92 1716 ³
131 1713 184 1732 -,-
214 1692 434 1731 66616111111
464 1692 532 1730 661
562 1688 634 1730 fur
662 1693 710 1731 et
737 1688 851 1731 latro
885 1688 983 1730 175.

103 1764 117 1776 ·-
131 1771 184 1778 ——
213 1751 357 1789 totum
387 1746 628 1790 occidentis
658 1760 686 1789 a
712 1751 805 1790 toto
827 1759 994 1803 genere
1015 1748 1116 1790 sub-

99 1808 109 1831 *
185 1805 353 1848 stancie
385 1809 453 1848 est
481 1810 716 1848 causatum
748 1807 847 1849 658.

95 1876 98 1884 ·
129 1888 182 1895 -
211 1864 503 1920 ypocriticum
532 1869 637 1907 sunt
665 1869 786 1908 secte
819 1866 918 1908 140.

128 1922 381 1967 Geometrie
396 1923 661 1979 principium
670 1924 897 1980 quantitas
903 1924 1116 1967 continua

5 2079 9 2086 1
90 2083 94 2091 f
126 1983 389 2083 Geiiiiinant
423 2045 544 2084 secte
582 2055 639 2084 ex
668 2041 863 2084 falsitate
894 2042 1116 2084 mendacii

184 2100 282 2142 353.

126 2181 180 2189 -—
217 2158 368 2214 spuria
403 2159 670 2202 vitulamina
712 2160 760 2201 in
805 2159 994 2202 ecclesia
1031 2173 1113 2216 per

4 2184 11 2217 ἶ
94 2223 95 2226 ’
181 2222 325 2259 666166
355 2218 425 2260 44.

84 2260 87 2262 ¹
107 2280 109 2282 ’
123 2274 260 2332 Gigas
276 2276 455 2333 gemine
471 2276 725 2318 substancie
742 2276 910 2320 Cristus
926 2282 993 2320 est
1011 2278 1108 2321 163.

6 2324 11 2378 ζ
93 2378 95 2383 ,
122 2333 278 2391 Gignit
305 2335 390 2377 sibi
418 2334 559 2377 filium
579 2335 830 2378 naturalem
851 2336 962 2380 deus
981 2341 1111 2392 pater

90 2419 91 2423 Ἰ
124 2394 441 2509 —lglleologus
471 2452 663 2495 Gristum
696 2453 794 2496 164.

5 2484 11 2555 3.
91 2555 93 2558 ,
122 2523 202 2567 per
232 2511 387 2554 Gildas
415 2512 491 2554 lex
523 2511 653 2554 cristi
682 2511 898 2555 minuitur
927 2513 1027 2556 271.

87 2567 103 2628 ¹J’
123 2568 307 2613 Gladius
336 2570 636 2626 apostolorum
667 2571 766 2614 626.

5 2632 15 2647 ¹
122 2652 178 2658 --
208 2629 378 2671 brachii
398 2629 612 2672 secularis
632 2634 678 2672 et
698 2630 986 2673 sacerdotalis
1007 2632 1106 2673 632.

91 2689 93 2692 ’
124 2711 175 2717 -
206 2688 445 2743 corporalis
474 2688 773 2744 apostolorum
803 2691 873 2732 68.

123 2747 402 2848 13³8&
415 2748 533 2848 ⁶334

122 2888 175 2894 ——
196 2864 319 2907 Petri
341 2865 524 2908 fuerunt
545 2865 716 2907 cultelli
731 2864 987 2908 carnificum
1005 2867 1104 2910 631.
1148 2871 1151 2884 ⁴

119 2922 396 2966 Glomeracio
403 2937 486 2979 per
492 2923 735 2978 dyabolum
742 2924 996 2967 introducta
1004 2926 1103 2968 228.

7 2976 16 3036 ’ᾗ
86 3018 88 3022 ,
118 2981 255 3024 Glosa
290 2995 485 3025 consona
530 2982 708 3025 additur
751 2983 900 3026 verbis
938 2983 1105 3026 domini

118 3041 274 3141 -ἐέξ
277 3099 496 3142 fabricant
526 3100 686 3143 fratres
717 3102 787 3144 45.

11 3193 19 3203 .
86 3175 91 3210 ᾗ
117 3156 216 3214 Gog
234 3158 552 3215 interpretatur
571 3159 704 3202 doma
722 3159 798 3202 vel
817 3163 986 3202 tectum
1002 3161 1102 3202 396.

117 3238 172 3247 —
201 3216 380 3260 videtur
408 3217 660 3275 significare
690 3231 855 3274 papam
885 3219 985 3261 396.

117 3273 278 3318 Gracia
327 3277 514 3332 amplior
564 3276 696 3320 Gristi
747 3291 850 3319 cum
894 3277 1103 3320 fratribus

87 3386 90 3391 Δ
173 3333 279 3377 data
308 3340 377 3378 est
406 3336 506 3378 452.

90 3429 94 3437 .
116 3415 172 3424 -—
223 3407 281 3436 ex
324 3394 490 3437 virtute
537 3394 754 3450 passionis
799 3393 1102 3451 superhabun-

171 3451 283 3494 dans
315 3453 412 3495 123.

6 3534 11 3536 -
86 3522 90 3558 ζ
114 3531 169 3540 —-
199 3511 594 3567 predestinacionis
623 3511 853 3554 charact-er
883 3517 952 3554 est
980 3513 1082 3555 457.

117 3591 169 3598 -·
198 3570 595 3625 predestinacionis
624 3570 806 3626 quidam
836 3570 894 3612 ad
913 3571 1102 3614 beatitu-

171 3627 320 3690 dinem
349 3633 637 3672 revertuntur
669 3630 766 3672 146.

204 3713 338 3757 Wietaey,
359 3715 555 3749 Polemicaz
582 3715 724 3751 worke.

1273 633 1368 687 plet
1398 634 1497 676 258.

1216 691 1388 732 —ciam
1425 691 1534 733 deus
1571 692 1789 734 sacerdoti
1820 694 1897 736 dat
1922 695 1979 736 ad
2007 695 2202 738 officium

1270 750 1578 805 peragendum
1609 752 1708 793 258.

1215 831 1269 838 —
1300 808 1552 851 uberiorem
1583 809 1768 852 dileccio
1799 810 1872 852 dei
1900 810 2038 853 habet
2069 812 2166 854 126.

1211 866 1458 909 secundum
1479 868 1605 910 ——cie
1624 868 1774 924 legem
1794 869 1995 912 homines
2014 870 2202 912 heredes

1269 925 1477 981 legittimi
1507 932 1611 968 sunt
1643 928 1740 970 168.

1211 983 1425 1026 Graciosa
1453 986 1612 1041 regula
1643 985 1772 1028 Cristi
1810 987 1907 1029 140.

1211 1041 1386 1085 Gradus
1421 1043 1691 1086 intrancium
1736 1045 1997 1101 religionem
2037 1041 2201 1088 cristia-

1269 1114 1375 1143 nam
1405 1103 1505 1144 456.

1212 1183 1265 1189 —
1298 1161 1566 1215 multiplices
1604 1162 1652 1203 in
1683 1163 2002 1218 expectacione
2033 1163 2199 1205 anima-

1269 1232 1368 1260 rum
1401 1220 1498 1262 147.

1209 1299 1265 1307 —-
1296 1277 1568 1333 multiplices
1598 1278 1645 1319 in
1684 1280 1980 1335 exemplando
2011 1281 2199 1323 ecclesie

1270 1336 1399 1378 utilia
1430 1337 1529 1379 267.

1181 1393 1509 1441 fGrammatica
1560 1394 1665 1437 fidei
1717 1396 1933 1451 scripture
1986 1411 2076 1438 non
2120 1398 2199 1438 im-

1264 1458 1467 1509 pugnata
1497 1454 1554 1496 ab
1584 1454 1789 1496 hereticis
1821 1456 1919 1498 707.

1206 1511 1563 1554 Grammaticalis
1593 1526 1749 1554 sensus
1780 1514 1996 1569 scripture
2029 1516 2098 1557 75.

1206 1569 1339 1613 Greci
1369 1584 1507 1627 quare
1538 1585 1566 1613 a
1595 1571 1802 1614 fidelibus
1833 1573 1963 1615 divisi
1993 1574 2092 1615 672.

1206 1653 1260 1658 —
1282 1634 1404 1672 stant
1422 1643 1579 1673 secure
1606 1631 1654 1672 in
1674 1631 1817 1673 solida
1836 1631 1924 1673 fide
1946 1631 2076 1674 Cristi
2097 1634 2196 1674 598.

1205 1686 1409 1745 Gregorii
1439 1689 1599 1745 regula
1632 1691 1729 1732 173.

1204 1746 1389 1789 Grossas
1418 1753 1568 1803 partes
1599 1749 1855 1791 mendicare
1889 1750 1986 1792 195.

1205 1804 1324 1848 Gula
1351 1806 1503 1862 plures
1534 1807 1695 1850 occidit
1722 1821 1857 1863 quam
1888 1808 2065 1864 gladius
2098 1810 2194 1851 135.

1204 1887 1261 1895 -
1292 1866 1463 1907 ventris
1494 1866 1811 1909 monachorum
1848 1869 1944 1909 135.

1204 1922 1398 1966 Gulosus
1432 1925 1529 1967 197.

1205 1997 1437 2025 —osorum
1469 1984 1653 2040 argucia
1685 1986 1763 2039 973
1797 1986 1897 2027 346.

1665 2112 1731 2159 H.

1199 2217 1382 2260 Habere
1411 2231 1576 2274 papam
1606 2232 1714 2260 num
1744 2219 1912 2261 bonum
1943 2224 2011 2261 est
2041 2221 2140 2262 673.

1152 2308 1154 2313 .
1198 2275 1470 2319 Habitabilis
1499 2282 1651 2319 nostra
1680 2277 1765 2320 fuit
1795 2277 1899 2320 olim
1929 2278 2070 2320 lacius
2090 2292 2192 2320 con-

1257 2335 1421 2391 quisita
1451 2349 1479 2378 a
1507 2337 1759 2392 pastoribus
1789 2335 1996 2379 fidelibus
2027 2338 2126 2379 671.

1198 2393 1435 2436 Habitacio
1466 2400 1727 2451 sumptuosa
1755 2395 1941 2438 fratrum
1975 2397 2072 2439 103.

1199 2477 1254 2483 —
1285 2458 1509 2495 sectarum
1539 2455 1586 2495 in
1616 2455 1790 2496 interno
1824 2456 1892 2497 74.

1199 2512 1406 2555 -eiones
1435 2514 1635 2569 proprias
1665 2513 1834 2556 habent
1863 2514 2039 2556 ordines
2071 2514 2170 2556 369.

1196 2570 1468 2613 Habitacula
1505 2578 1551 2614 et
1587 2586 1728 2628 regna
1765 2573 1967 2615 subiecta
2003 2573 2189 2628 imperio

1256 2629 1329 2672 dei
1363 2631 1460 2673 105.

1198 2712 1252 2718 —
1285 2694 1506 2731 sectarum
1536 2695 1642 2732 sunt
1670 2690 1765 2731 nidi
1796 2690 1976 2744 dyaboli
2006 2691 2106 2733 253.

1194 2748 1496 2790 Habitudines
1526 2749 1732 2791 ordinum
1762 2750 1908 2792 odisse
1939 2750 2040 2792 228.

1194 2806 1389 2849 Habitus
1419 2811 1641 2849 sectarum
1672 2809 1749 2862 263
1783 2810 1852 2851 35.

1195 2889 1251 2896 —
1283 2870 1329 2908 et
1364 2866 1475 2908 ritus
1511 2867 1826 2909 canonicorum
1861 2868 2038 2910 noviter
2066 2867 2188 2909 adin-

1252 2924 1377 2967 venti
1408 2926 1507 2968 248.

1194 3007 1248 3013 —
1282 2988 1328 3026 et
1355 2983 1466 3026 ritus
1498 2985 1730 3027 sensibiles
1762 2985 1966 3027 ordinum
1998 2985 2067 3027 26.

1193 3065 1248 3072 -—
1279 3042 1393 3099 legis
1423 3043 1590 3085 domini
1619 3044 1787 3100 lingwa
1806 3043 1987 3096 hebrea,
2010 3043 2187 3100 anglica

1252 3106 1335 3144 etc.
1366 3106 1470 3143 sunt
1502 3104 1601 3145 700.

1194 3184 1247 3190 -
1278 3161 1384 3203 novi
1413 3166 1701 3216 patronorum
1733 3163 1832 3204 704.

1192 3243 1246 3249 —
1278 3220 1636 3262 mendicancium
1668 3220 1867 3262 excludit
1886 3220 2185 3275 condempna-

1251 3278 1425 3320 cionem
1459 3280 1556 3321 198.

1192 3360 1246 3366 ——
1277 3342 1499 3379 sectarum
1528 3338 1742 3379 sanctitas
1776 3339 1873 3380 143.

1190 3419 1247 3426 —
1279 3401 1325 3438 et
1351 3400 1537 3438 tonsura
1555 3397 1741 3439 fratrum
1762 3397 1809 3438 in
1829 3396 2090 3439 mulieribus
2110 3398 2182 3438 44.

1192 3478 1246 3484 -
1278 3456 1440 3497 mentis
1471 3456 1541 3498 27.
1656 3500 1662 3504 ,

1190 3537 1245 3543 -
1277 3514 1517 3569 corporalis
1546 3514 1837 3570 impertinens
1867 3515 1992 3556 fiatri
2021 3515 2123 3558 453.

1191 3572 1359 3614 —itum
1380 3578 1426 3615 et
1444 3573 1638 3615 claustra
1658 3586 1715 3615 ex
1730 3573 1964 3616 mendacio
1980 3573 2182 3615 canonici

1247 3631 1538 3687 impetrarent
1568 3633 1668 3675 351.

1759 3707 1815 3748 49
