2528 4074
398 358 499 405 796

394 498 515 550 Pape
546 496 831 537 adversantur
858 497 959 537 Iesu
989 495 1125 536 Oristo
1157 496 1253 537 679.

393 577 451 583 —
480 557 661 607 possunt
689 554 892 607 superbia
921 553 1114 594 indurari
1144 553 1239 594 679.

398 634 447 642 —
482 610 792 651 dissencientes
834 610 1101 652 restitucioni
1143 614 1356 663 tempora-

452 667 557 708 lium
587 667 768 709 heretici
797 673 897 708 sunt
927 669 1022 709 573.

394 749 450 757 —
480 724 652 779 fingunt
681 738 728 766 se
758 724 971 778 imperare
1002 724 1170 779 angelis
1201 725 1296 765 554.

396 807 449 813 -
481 782 650 837 angelis
678 782 922 836 precipiunt
951 783 1046 823 664.

395 864 450 870 —
479 853 568 880 non
607 839 771 880 habent
812 844 1071 893 potestatem
1115 837 1357 892 imperandi

454 896 709 937 demonibus
739 898 835 937 554.

395 978 449 984 -—
481 953 784 1006 blasphemant
810 953 855 993 in
874 952 1033 993 ficticia
1051 951 1252 1005 potencie
1274 951 1355 1005 spi-

451 1010 618 1050 ritualis
649 1011 744 1050 558.

394 1092 447 1098 —
481 1079 508 1107 a
537 1066 728 1120 maligno
758 1065 910 1120 spiritu
940 1065 1161 1120 agitantur
1191 1065 1287 1107 670.

395 1148 447 1155 —-
481 1123 639 1164 multas
668 1127 866 1164 catervas
896 1122 951 1164 ad
972 1121 1192 1162 infernum
1222 1122 1355 1163 duxe-

452 1186 552 1221 runt
583 1181 678 1234 257.

396 1262 447 1269 —
479 1239 525 1278 in
553 1250 633 1278 sua
661 1237 934 1291 presidencia
954 1237 1146 1292 graviter
1171 1241 1357 1291 peccant

393 1376 447 1383 —
479 1352 736 1393 continuant
753 1356 904 1393 contra
920 1351 1106 1392 Oristum
1135 1351 1181 1391 in
1211 1363 1354 1392 errore

393 1490 446 1496 —
493 1466 671 1507 coraula
701 1465 864 1507 ducens
909 1466 1148 1507 exercitum
1180 1465 1356 1517 dyaboli

394 1604 447 1611 —
479 1581 525 1620 in
553 1581 761 1621 limitibus
790 1579 893 1620 fidei
922 1584 1037 1620 stare
1065 1579 1228 1620 debent
1257 1580 1353 1620 558.

392 1660 443 1667 —
479 1638 720 1691 aspirantes
757 1637 814 1678 ad
847 1637 1106 1691 dignitatem
1135 1648 1356 1677 cesaream

392 1775 446 1781 —
477 1751 656 1805 quidam
685 1756 786 1792 sunt
816 1751 991 1804 dyaboli
1022 1752 1118 1792 664.

394 1831 443 1839 —
477 1809 563 1850 duo
594 1814 638 1850 et
667 1821 746 1849 sua
774 1810 969 1850 membra
997 1810 1094 1849 464.

389 1867 611 1920 Paparum
641 1866 860 1907 absolucio
889 1867 1021 1920 plena
1050 1867 1147 1907 458.

392 1947 446 1953 —
479 1924 632 1964 divisio
664 1924 760 1965 620.

393 2004 446 2010 —
478 1981 698 2031 dissensio,
731 1980 946 2034 quomodo
976 1980 1202 2021 sedaretur
1231 1981 1327 2022 590.

391 2062 446 2069 -—
478 2039 646 2079 facinus
677 2039 773 2080 676.

393 2119 448 2125 -
478 2096 597 2136 bulle
627 2095 797 2148 putride
827 2096 923 2136 459.

394 2176 447 2183 -—
478 2153 758 2194 homicidium
788 2154 884 2193 552.

390 2233 452 2240 —
481 2210 716 2251 occisiones
745 2210 842 2251 460.

395 2291 447 2297 —
480 2267 687 2308 dissensio
731 2271 909 2308 causata
953 2279 1008 2307 ex
1045 2266 1244 2307 mendaci
1282 2265 1354 2307 de—

450 2325 569 2366 fectu
599 2326 695 2366 589.

393 2405 447 2411 —
478 2383 615 2423 verba
642 2381 830 2436 intelligi
865 2381 1027 2422 debent
1063 2380 1117 2421 de
1154 2381 1356 2434 reputiva

450 2439 701 2480 remissione
723 2443 768 2479 et
786 2452 874 2479 non
895 2438 950 2479 de
971 2442 1090 2479 certa
1102 2438 1354 2479 remissione

395 2576 449 2582 ———
478 2553 630 2608 religio
660 2553 832 2594 excedit
867 2553 1123 2608 religionem
1154 2552 1281 2593 Cristi
1309 2553 1355 2592 in

451 2611 643 2651 bonitate
674 2612 771 2651 458.

393 2689 449 2697 —
480 2668 706 2708 contencio
741 2681 830 2708 non
874 2673 939 2708 est
975 2667 1030 2708 de
1069 2667 1192 2708 bonis
1221 2667 1354 2708 virtu-

451 2730 543 2765 tum
573 2725 669 2766 572.

394 2804 447 2811 -—
481 2782 664 2822 duorum
694 2793 875 2822 erronea
905 2782 1066 2822 eleccio
1098 2783 1194 2823 674.

395 2861 446 2868 —
480 2839 635 2880 fiatres
673 2843 717 2879 et
751 2838 830 2878 filii
872 2839 918 2878 in
954 2852 1085 2892 opere
1122 2839 1354 2892 proditorio

451 2896 720 2937 collaborant
749 2897 844 2938 603.

396 2976 447 2982 —
481 2954 642 2994 eleccio
672 2953 806 2994 stulta
835 2954 931 2994 675.

393 3033 450 3039 —
479 3023 629 3065 pugna
656 3011 702 3050 in
738 3010 877 3051 veteri
914 3014 1172 3051 testamento
1211 3023 1355 3052 exem-

452 3068 573 3121 plata
597 3069 695 3109 464.

394 3148 447 3154 —-
480 3130 751 3166 monstruosa
780 3124 988 3165 dissensio
1019 3125 1116 3166 570.

399 3205 445 3210 -
482 3182 689 3226 dissensio
719 3186 894 3236 propter
921 3181 1203 3235 cupiditatem
1232 3195 1354 3222 mun-

453 3239 664 3280 danorum
693 3240 790 3281 572.

398 3318 446 3324 —
481 3296 712 3351 privilegia
741 3301 785 3337 et
813 3295 912 3336 ficte
943 3308 1124 3337 censure
1156 3297 1252 3337 691.

397 3376 449 3382 —
480 3353 747 3407 blasphemie
775 3367 864 3394 non
891 3353 1112 3406 publicate
1142 3354 1238 3395 692.

395 3433 450 3439 —-
481 3410 663 3451 duorum
678 3411 822 3451 neutri
840 3410 1137 3451 adherendum
1157 3415 1223 3451 est
1256 3411 1352 3451 257.

397 3490 451 3496 —
481 3467 668 3508 caruisse
697 3468 928 3521 profuisset
957 3468 1139 3508 ecclesie
1169 3468 1266 3508 257.

1140 352 1437 393 GENERAL
1468 352 1682 392 INDEX.

1442 495 1584 548 Papas
1631 494 1757 535 Iudei
1813 497 2127 548 contempnunt
2181 497 2404 547 tamquam

1498 551 1726 605 precipuos
1756 551 1998 592 anticristos
2028 551 2125 591 461.
2433 551 2459 569 ·’

1444 631 1497 637 -
1527 608 1652 649 Iudei
1681 609 1978 650 indifferenter
2005 606 2243 661 respiciunt
2270 607 2368 648 461.

1444 665 1497 706 de
1521 666 1651 719 Papis
1682 666 1850 707 duobus
1879 678 1926 707 se
1954 670 2106 706 tenere
2136 664 2308 706 salubre
2340 668 2406 705 est
2439 682 2442 714 ζ

1499 721 1701 763 fidelibus
1735 724 1830 765 179.
2174 736 2178 740 ·
2433 734 2437 755 -·

1443 779 1497 819 de
1529 801 1583 809 —
1613 779 1782 821 duobus
1818 780 1944 821 multi
1977 780 2024 821 in
2063 791 2253 821 errorem
2293 777 2406 832 lapsi
2438 795 2439 798 ¹

1500 840 1600 876 sunt
1633 837 1726 878 179.

1444 893 1618 946 Papalis
1649 893 1924 935 canonizacio
1956 895 2023 935 35.

1446 972 1496 978 —
1529 949 1748 991 absolucio
1780 951 1876 992 627.

1446 1030 1498 1036 -
1529 1008 1779 1060 persecucio
1809 1020 1836 1048 a
1867 1007 2003 1053 Gristo
2032 1021 2122 1050 non
2157 1005 2407 1061 exemplata

1444 1143 1496 1150 -
1530 1120 1682 1161 melior
1711 1121 1899 1175 dignitas
1927 1121 2020 1163 vita
2049 1121 2177 1164 Oristi
2206 1122 2303 1163 613.

1444 1201 1497 1206 —
1527 1182 1719 1231 potestas
1747 1178 1945 1232 plenaria
1973 1179 2229 1220 absolvendi
2259 1179 2356 1221 626.

1448 1234 1601 1288 -pale
1631 1235 1795 1276 bellum
1824 1237 1892 1277 35.

1445 1291 1622 1346 —pales
1652 1292 1774 1347 leges
1805 1293 2012 1348 detegere
2043 1294 2140 1334 623.
2483 1324 2487 1327 -

1445 1373 1495 1378 -
1527 1349 1646 1390 bulle
1677 1350 1732 1392 de
1761 1350 2000 1405 privilegiis
2039 1354 2084 1391 et
2111 1349 2222 1392 fictis
2257 1349 2406 1391 suffra-

1500 1407 1582 1461 giis
1614 1408 1712 1448 615.

1447 1465 1616 1517 —palia
1660 1465 1820 1519 scripta
1868 1469 2031 1506 statuta
2079 1463 2316 1506 creduntur
2357 1468 2437 1504 ut‘

1501 1521 1606 1562 fides
1637 1523 1733 1563 597.

1449 1601 1494 1608 —
1528 1578 1688 1631 scripta
1715 1579 1761 1619 in
1791 1579 2016 1621 sentencia
2034 1592 2124 1620 non
2143 1577 2408 1621 concordant
2442 1614 2445 1620 .
2489 1582 2491 1612 1

1442 1694 1674 1734 Paradisus
1722 1697 1820 1747 post
1867 1693 2168 1747 expulsionem
2222 1692 2408 1735 hominis
2426 1710 2435 1717 *
2490 1683 2493 1698 ⁸

1498 1753 1674 1793 sanctus
1704 1750 1862 1795 mansit
1892 1751 1989 1793 261.
2439 1794 2443 1806 ι

1442 1807 1764 1861 Paralogismus
1802 1808 1978 1861 dyaboli
2012 1808 2167 1850 fratres
2204 1807 2261 1849 ad
2298 1807 2407 1850 occi·
2447 1819 2451 1822 ·

1498 1866 1667 1906 sionem
1696 1866 1833 1907 Ducis
1861 1865 2117 1907 Lancastrie
2143 1865 2280 1907 movit
2308 1865 2406 1907 227.

1445 1948 1496 1953 -
1540 1922 1800 1975 sophisticus
1848 1923 1902 1965 de
1951 1927 2168 1977 potestate
2217 1922 2407 1964 clavium
2434 1917 2438 1924 ⁴

1444 2037 1606 2079 -ismo
1637 2037 1850 2090 dyabolus
1879 2037 2052 2079 ordines
2081 2036 2250 2079 seducit
2279 2037 2377 2078 226.
2440 2062 2441 2066 =

1443 2095 1690 2136 Parasceue
1720 2100 1872 2136 sancta
1901 2096 1968 2136 27.

1441 2153 1635 2193 Parcitas
1674 2152 1852 2193 fratrum
1893 2166 1982 2193 non
2017 2152 2195 2207 attingit
2221 2151 2406 2207 parcita-

1497 2214 1587 2250 tem
1615 2222 1859 2264 pauperum
1890 2211 1958 2251 71.
2440 2210 2442 2216 ’
2496 2263 2497 2266 ¹

1441 2280 1529 2307 non
1558 2268 1720 2308 Parcus
1751 2272 1796 2308 et
1821 2267 1994 2308 invidus
2025 2271 2090 2308 est
2110 2266 2217 2308 deus
2245 2266 2292 2307 in
2321 2265 2405 2321 sig·
2436 2289 2437 2293 =

1497 2323 1799 2365 nificacionem
1827 2325 1895 2365 sui
1922 2324 2098 2366 termini
2127 2325 2195 2366 77.

1441 2381 1652 2422 Parentes
1681 2382 1892 2423 honorare
1924 2383 2019 2423 118.

1448 2462 1495 2468 -
1526 2439 1806 2493 corporaliter
1833 2438 2107 2480 sustentandi
2137 2439 2228 2480 39.-

1443 2518 1495 2525 —
1526 2496 1771 2550 spirituales
1800 2495 2012 2538 honorare
2044 2497 2139 2538 120.

1443 2577 1495 2582 —
1527 2554 1724 2595 carnales
1753 2553 1965 2595 honorare
1998 2553 2092 2595 120.

1445 2616 1592 2651 -tum
1621 2611 1777 2652 occisio
1810 2612 1904 2652 134.

1443 2691 1495 2696 —
1528 2668 1760 2709 honoracio
1793 2669 1887 2710 120.

1446 2726 1614 2766 —tibus
1645 2725 1821 2767 obedire
1855 2727 1923 2767 39.
2418 2751 2427 2778 ;

1442 2783 1734 2824 Parliamento
1778 2783 1825 2823 in
1866 2782 2040 2837 publico
2083 2780 2429 2823 referendarius>

1496 2840 1612 2894 regis
1649 2840 1859 2881 discretus
1902 2840 2024 2891 dicit,
2070 2838 2187 2893 quod
2224 2838 2280 2880 de
2315 2837 2424 2879 fidon.
2507 2857 2509 2860 ·

1499 2901 1667 2951 oportet
1686 2897 1861 2938 obedire
1889 2897 1970 2939 deo
2000 2897 2140 2951 magis
2169 2908 2301 2951 quam
2327 2895 2403 2937 ho·
2418 2931 2427 2939 ..

1498 2954 1605 2994 mini
1633 2955 1730 2996 283.
2410 2962 2415 2968 '

1443 3011 1704 3052 Parochialis
1719 3011 1998 3052 sacerdotalis
2012 3014 2150 3052 status
2164 3009 2412 3064 perfeccior

1495 3069 1707 3123 religione
1736 3069 1844 3123 priv.
1875 3070 1972 3110 505.
2419 3104 2422 3106 .

1441 3125 1649 3167 Parochie
1679 3126 1736 3166 ad
1772 3138 1920 3166 curam
1956 3124 2188 3166 habiliores
2225 3126 2426 3177 possent

1497 3182 1667 3224 admitti
1695 3184 1792 3224 285.
2358 3179 2360 3182 ’
2408 3189 2411 3193 “

1440 3241 1546 3280 Pars
1574 3241 1762 3294 pessima
1791 3244 1858 3281 est
1885 3239 2048 3280 heresis
2079 3238 2176 3280 397.
2422 3272 2425 3286 ,-

1446 3319 1492 3326 -
1527 3297 1702 3350 dyaboli
1721 3297 1954 3352 prevalens
1973 3297 2020 3336 in
2040 3295 2193 3337 diebus
2213 3293 2399 3336 auctoris
2418 3338 2420 3342 ,

1442 3434 1496 3440 —-
1525 3411 1662 3452 maior
1689 3411 1870 3452 fratrum
1899 3424 1999 3451 cum
2034 3409 2223 3451 Roberto
2253 3407 2400 3450 Gilbo-
2429 3439 2433 3442 -

1497 3469 1622 3509 nensi
1650 3473 1772 3509 tenet
1801 3469 1898 3509 464.
2424 3484 2428 3485 ’
