2528 4074
412 371 511 417 704
1111 363 1430 404 JOHANNIS
1468 363 1700 409 WJOLIR
1957 411 1969 417 „
2214 357 2322 415 [cap.
2361 359 2404 398 V

411 510 550 561 valet
573 509 787 559 donacio
819 509 916 558 nisi
952 508 1129 558 habita
1165 508 1382 558 licencia
1419 507 1608 557 domini
1633 506 1881 572 capitalis,
1921 510 2158 571 patenter
2193 504 2398 554 convin-

411 597 554 656 citur,
594 595 729 661 quod
765 612 866 644 non
904 594 1044 644 valet
1080 595 1252 660 aliqua
1288 594 1404 643 talis
1439 592 1656 642 donacio
1694 592 1790 641 nisi
1822 590 2090 656 prehabita
2128 589 2211 639 dei
2247 589 2398 639 licen-

411 683 504 742 cia,
544 681 628 746 qui
666 687 743 730 est
779 679 1012 729 dominus
1049 680 1380 729 dominorum.
2201 726 2204 730 ,

551 766 683 815 Nam
723 782 786 814 ex
831 765 929 814 fide
967 764 1295 824 convincitur,
1336 764 1470 829 quod
1508 763 1655 813 aliter
1690 780 1793 812 non
1835 762 1968 812 foret
2003 761 2279 811 elemosina
2314 759 2400 811 vel
2443 763 2446 766 ’

410 869 536 917 opus
573 851 781 909 licitum,
822 850 910 899 sed
947 849 1145 899 facinus
1182 843 1417 898 illicitum
1464 849 1725 898 anticristi.
1799 848 1924 898 Ideo
1969 847 2193 897 ostencio
2239 852 2400 896 carta-
2431 847 2450 850 ’

409 955 521 986 rum
558 935 735 986 talium
776 934 1009 993 ostendit,
1049 934 1185 999 quod
1220 940 1326 983 tam
1364 933 1699 983 concedentes
1737 950 1889 999 quam
1922 932 2248 984 admittentes
2285 942 2404 981 sunt
2447 942 2450 945 ’

412 1021 644 1086 discipuli
684 1020 945 1069 anticristi.

552 1106 623 1155 Et
658 1111 822 1170 patet,
878 1105 1014 1170 quod
1050 1105 1182 1154 sicut
1218 1105 1427 1169 argucia
1470 1100 1631 1168 priorf
1668 1102 1962 1153 fundatur
1948 1121 2002 1152 m
2039 1119 2207 1153 errore
2242 1103 2401 1154 homi·
2425 1152 2432 1155 ,
2463 1157 2466 1161 .
2492 1095 2499 1138 s

411 1209 532 1241 num
559 1197 735 1241 contra
762 1189 996 1250 Cristum‚
1037 1190 1107 1240 sic
1135 1197 1185 1239 et
1207 1190 1307 1239 ista
1331 1189 1590 1240 secunda-‘1
1616 1189 1824 1254 argucia
1859 1188 2142 1238 fundatur
2127 1206 2182 1238 1n
2219 1206 2399 1250 errore,

412 1294 563 1343 quam
625 1276 871 1326 anticristi
936 1275 1215 1341 discipulus
1281 1274 1459 1325 nititur
1523 1292 1614 1340 per
1664 1275 1920 1324 racionem
1979 1274 2404 1339 nigromanticam
2435 1263 2449 1317 ἐ
2523 1279 2528 1317 4Ι

413 1361 654 1412 stabilire.

1284 1534 1427 1582 GAP.
1479 1534 1532 1582 V.

556 1662 738 1711 Restat
773 1661 978 1721 Videre,¹
1024 1661 1274 1727 quomodo
1311 1661 1407 1710 iste
1445 1667 1580 1710 secte
1619 1667 1835 1726 quatuor
1880 1667 1931 1709 et
1966 1659 2236 1724 religiones
2273 1676 2405 1711 nove
2430 1691 2457 1714 ,-

413 1750 466 1798 in
503 1748 770 1798 ecclesiam
807 1746 1093 1796 introducte
1129 1746 1182 1795 in
1219 1746 1397 1796 eodem
1435 1763 1601 1796 errore
1639 1746 2005 1811 nigromantieo
2032 1752 2151 1796 sunt
2174 1745 2403 1796 fundate.
2443 1763 2451 1811 ᾗ

556 1832 798 1898 Arguunt
835 1833 982 1892 enim,
1024 1832 1160 1898 quod
1185 1839 1321 1882 secte
1344 1832 1440 1882 iste
1473 1839 1591 1882 sunt
1625 1830 1758 1881 bone
1796 1838 1846 1880 et
1882 1831 2035 1892 licite,
2076 1832 2196 1898 quia
2232 1849 2263 1882 a
2299 1838 2406 1882 tam
2448 1838 2451 1844 '

413 1921 510 1986 piis
561 1919 788 1984 patronis
840 1919 1072 1968 ordinum
1116 1909 1364 1968 stabilite.
1442 1917 1569 1981 Quis
1622 1918 1757 1967 enim
1801 1924 2024 1982 negaret
2057 1901 2447 1968 ordinacioness
2515 1902 2517 1907 ⁴

142 2019 312 2061 lAehfot.
330 2019 391 2051 4511
412 2008 620 2056 istorum
647 2010 668 2063 11
695 2012 999 2065 sanctorum,
1027 2004 1309 2065 Benedicti,
1337 2003 1595 2053 Dominici
1634 2010 1685 2053 et
1713 2003 1990 2065 Francisci‚
2032 2010 2083 2054 et
2119 2003 2408 2070 specialiter
2455 2058 2458 2060 v

413 2093 466 2141 in
503 2092 614 2152 isto,
656 2109 753 2157 quo
792 2090 1071 2141 secundum
1108 2096 1184 2140 tot
1221 2097 1423 2140 sanctos
1462 2090 1730 2140 ecclesiam
1768 2097 2090 2140 ornaverunt.
2432 2139 2439 2154 -,

560 2177 663 2227 Sed
699 2177 830 2227 sicut
854 2176 1115 2241 superiusa
1153 2176 1344 2226 dictum
1383 2183 1472 2237 est,
1513 2183 1711 2241 oportet
1749 2176 1816 2226 ad
1840 2175 2223 2226 rectificandum
2252 2175 2403 2226 istam
2450 2190 2452 2194 ’

417 2264 677 2328 arguciam
715 2279 898 2328 capere
933 2262 987 2310 in
1024 2262 1231 2323 minore,
1272 2262 1408 2329 quod
1446 2262 1569 2312 dicti
1604 2262 1809 2328 patroni
1846 2262 1899 2311 in
1926 2262 2206 2313 ordinando
2244 2268 2409 2313 sectas
2445 2310 2455 2326 ἶ

416 2349 704 2399 huiusmodi
740 2366 843 2398 non
880 2355 1190 2408 erraverunt,
1230 2349 1319 2398 sed
1358 2349 1518 2398 secuti
1553 2349 1761 2398 fuerunt
1797 2348 2057 2398 dominum
2093 2347 2264 2398 Iesum
2302 2346 2408 2397 Ori·
2431 2367 2439 2378 ’

417 2443 565 2485 stum.
604 2467 674 2472 —
713 2434 866 2497 Quod
902 2440 979 2484 est
1014 2434 1186 2484 multis
1222 2434 1519 2484 incredibile
1566 2452 1631 2484 ex
1669 2434 1890 2484 duobus:
1937 2435 2100 2501 primo
2147 2434 2266 2501 quia
2303 2432 2410 2484 Ori·
2471 2503 2474 2507 Δ

417 2529 523 2571 stus
560 2521 658 2570 fuit
694 2521 758 2570 de
794 2520 1049 2570 eleccione
1075 2520 1342 2569 duodecim
1369 2521 1711 2585 apostolorum
1743 2527 2078 2581 contentatus,
2117 2519 2202 2570 isti
2239 2527 2410 2571 autem
2435 2569 2463 2587 4

418 2608 618 2672 patroni
684 2606 944 2656 excellunt
1009 2606 1194 2656 multos
1248 2606 1607 2667 duodenarios,
1673 2625 1731 2657 ac
1788 2607 1830 2656 si
1898 2606 2188 2657 anticristus
2253 2606 2412 2658 vellet
2455 2607 2458 2610 ⁴

417 2694 552 2758 ipsos
590 2693 835 2742 extollere
873 2709 1026 2756 supra
1052 2691 1288 2742 Cristum‚
1364 2691 1518 2742 Unde
1555 2710 1714 2743 novas
1747 2693 1949 2758 regulas
1987 2699 2038 2742 et
2073 2709 2232 2744 novos
2268 2693 2415 2743 habi-

418 2786 499 2828 tus
536 2779 796 2843 possident
841 2785 1102 2844 tamquam
1139 2778 1463 2839 hereditarie,
1520 2796 1579 2828 ac
1624 2779 1666 2828 si
1689 2779 1880 2844 'regula
1918 2778 2071 2828 Cristi
2117 2785 2168 2829 et
2204 2796 2297 2829 sua
2335 2796 2409 2829 or·
2432 2797 2465 2812 ·>

420 2865 619 2913 dinacio
657 2864 846 2913 fuerint
882 2863 1201 2928 incomplete.
1276 2863 1430 2914 Unde
1469 2863 1685 2925 Cristus,
1728 2882 1844 2930 ymo
1882 2871 1992 2914 tota
2028 2864 2242 2926 trinitas,
2282 2865 2414 2915 limi-
2458 2878 2464 2927 j

418 2951 549 3000 tavit
586 2967 675 2999 suo
714 2949 890 3009 ordini,
932 2950 1067 3014 quod
1106 2949 1228 2998 dicti
1265 2950 1343 2999 sui
1369 2950 1605 3015 discipuli
1640 2968 1732 3015 per
1755 2968 1996 3015 magnam
2033 2942 2232 3016 partem
2268 2950 2410 3000 habi·
2450 2949 2471 3014 4

419 3035 605 3095 tabilis,
644 3052 747 3084 non
784 3041 986 3085 servata
1022 3035 1267 3084 hodierna
1303 3035 1482 3100 regula
1508 3037 1851 3096 circumirent,
1893 3043 1950 3085 ut
1985 3042 2129 3100 patet
2165 3035 2228 3085 de
2257 3035 2411 3086 Petro
2459 3075 2462 3078 -

420 3121 537 3170 Act.
581 3116 686 3170 10.b
759 3119 913 3170 Unde
951 3121 1086 3186 quod
1123 3121 1383 3185 apostolus
1419 3122 1613 3171 Paulus
1650 3139 1752 3171 non
1790 3121 2015 3171 audebat
2051 3139 2143 3186 per
2189 3138 2242 3172 se
2279 3121 2409 3172 tales

420 3212 582 3255 sectas
621 3206 874 3270 colligere,
914 3213 971 3255 ut
1005 3212 1149 3270 patet
1184 3205 1211 3254 I
1242 3205 1356 3255 Cor.
1400 3211 1426 3254 1
1468 3214 1519 3256 et
1557 3212 1628 3267 3,⁰
1674 3207 1764 3257 dat
1800 3206 2035 3256 fidelibus
2074 3207 2405 3267 evidenciam,

422 3291 556 3356 quod
592 3291 675 3341 vel
711 3291 806 3341 iste
842 3299 944 3342 tres
969 3291 1169 3356 patroni
1195 3291 1377 3341 stolide
1403 3299 1830 3373 presumpserunt,
1871 3299 1922 3342 et
1959 3293 2030 3342 sic
2055 3292 2109 3341 in
2144 3292 2409 3343 fundando
2475 3323 2479 3334 .,

769 3430 794 3462 f
817 3448 881 3474 see
911 3434 1033 3474 above
1056 3447 1100 3485 p.
1127 3437 1204 3475 701
1324 3437 1342 3462 ¹¹
1371 3447 1435 3473 see
1464 3434 1586 3474 above
1606 3448 1653 3486 p.
1686 3439 1770 3477 703
2480 3452 2482 3455 ·

779 3506 904 3546 GAP.
930 3506 977 3546 V.
1035 3508 1055 3527 α
1086 3506 1164 3545 See
1192 3505 1315 3546 above
1336 3521 1382 3558 p.
1405 3509 1483 3547 701
1603 3503 1620 3528 ¹³
1650 3512 1704 3549 34
1726 3507 1776 3561 ff.
1878 3510 1894 3528 ⁰
1923 3521 1985 3559 ep.
2020 3510 2057 3553 1,
2081 3505 2221 3560 10ffi5
2251 3509 2292 3552 3,
2313 3510 2338 3546 4
2357 3503 2409 3558 ff.
2492 3555 2494 3558 ,
