2528 4074
147 431 239 470 αφ.
273 413 385 471 III]
463 417 556 456 DE
583 412 1112 455 CONTRARIETATE
1137 413 1315 453 DUOR
1327 414 1421 452 ΠΜ
1445 413 1746 453 DOMINOR
1758 414 1858 454 UM.
2080 420 2179 466 701

148 569 200 614 et
236 562 351 628 lege
391 562 585 613 domini
623 567 701 612 est
737 567 958 620 remota,
1016 576 1134 609 cum
1187 559 1242 608 in
1288 576 1477 624 penam
1524 559 1727 624 peccati
1766 559 2005 623 superbie
2045 561 2184 610 edifi-

147 651 384 700 cancium
422 649 604 700 turrim
641 647 823 698 Babel*
857 654 935 697 est
982 646 1166 697 divisio
1204 646 1511 712 lingwarum
1558 664 1589 696 a
1628 646 1724 696 deo
1772 653 1824 696 et
1861 664 1954 711 per
1993 647 2185 712 dyabo-

100 724 101 727 ¹
145 737 254 787 lum
290 737 601 787 introducta.

1024 940 1170 990 GAP.
1212 940 1306 989 ΙΙΙ.

221 1095 223 1098 ’
287 1087 471 1137 Restat
506 1103 786 1152 parumper
824 1086 1015 1146 videre,
1058 1084 1316 1151 quomodo
1363 1085 1458 1135 hec
1499 1103 1581 1135 ars
1620 1085 2001 1150 nigromantica
2039 1088 2187 1137 sedu-

102 1175 222 1227 5xit
258 1174 505 1240 plurimos
544 1173 598 1224 in
636 1173 856 1224 ecclesia
894 1175 1166 1224 militante.

286 1262 385 1313 Est
422 1270 598 1313 autem
635 1261 844 1312 infamis
882 1248 1167 1322 binariuS‚“
1205 1261 1259 1310 in
1299 1279 1399 1328 quo
1446 1260 1596 1311 multi
1638 1261 1927 1328 philocapti
1967 1281 1998 1313 a
2045 1271 2188 1315 secta

70 1387 75 1399 .
142 1358 194 1402 et
230 1350 346 1416 lege
385 1350 580 1401 domini
619 1356 740 1401 sunt
776 1350 991 1418 seducti.
1040 1382 1111 1387 —
1150 1348 1397 1414 Arguunt
1435 1349 1573 1399 enim
1620 1350 1833 1416 quidam
1880 1351 2057 1417 ydiote
2096 1370 2190 1418 per

140 1439 292 1489 istam
332 1446 519 1499 artem,
577 1438 715 1505 quod
762 1437 967 1488 dotacio
1013 1437 1068 1487 in
1107 1437 1327 1488 ecclesia
1365 1436 1464 1486 fuit
1505 1444 1684 1488 sancte
1725 1445 1776 1488 et
1813 1439 2074 1489 meritorie
2112 1440 2187 1490 in-

122 1526 395 1588 troducta,
438 1526 559 1594 quia
596 1543 735 1592 papa
774 1525 1038 1587 Silvester,
1079 1524 1230 1575 multi
1269 1525 1435 1575 sancti
1474 1525 1703 1591 episcopi
1744 1533 1796 1576 et
1834 1525 2050 1577 abbates
2089 1528 2189 1578 ista

38 1623 126 1687 ,μθ
142 1614 414 1665 dotacione
452 1615 531 1665 usi
557 1614 766 1665 fuerant
792 1621 844 1664 et
869 1612 1211 1681 approbative
1236 1613 1403 1679 ipsam
1431 1619 1850 1679 acceptaverant,
1886 1632 2008 1680 ergo
2035 1615 2185 1666 bene.

6 1698 101 1755 ἐπ”
289 1701 394 1752 Sed
447 1703 515 1753 ad
568 1701 943 1753 declarandum
996 1701 1264 1752 fallaciam
1326 1702 1478 1752 huius
1543 1702 1755 1767 argucie
1810 1703 2187 1767 nigromantice

141 1797 343 1856 oportet
382 1808 567 1857 capere
606 1795 872 1858 tamquam
911 1789 1082 1851 fidem,
1140 1789 1278 1856 quod
1325 1808 1430 1840 non
1470 1789 1701 1856 sequitur
1741 1789 1805 1839 de
1844 1790 2017 1858 aliquo
2068 1810 2187 1858 apo-

36 1879 51 1894 *
139 1878 292 1929 stolo:
333 1878 444 1945 ipse
482 1879 554 1929 sic
594 1885 646 1929 et
684 1879 756 1929 sic
794 1878 1006 1939 fecerat,
1049 1895 1171 1943 ergo
1211 1876 1359 1939 bene,
1402 1878 1500 1928 nisi
1541 1877 1752 1928 additur
1789 1878 1998 1941 minori,
2050 1881 2188 1947 quod

92 2004 96 2013 .
138 1966 193 2016 in
246 1967 317 2017 sic
370 1967 610 2018 faciendo
661 1973 866 2018 secutus
920 1966 1077 2016 fuerit
1131 1966 1399 2016 dominum
1446 1965 1621 2016 Iesum
1662 1964 1907 2017 Cristum.
1988 1967 2188 2019 Cristus

40 2058 122 2126 '3415
139 2055 276 2105 enim
315 2062 393 2106 est
428 2055 741 2122 principium
782 2061 833 2105 et
859 2054 1070 2105 coraula
1098 2055 1450 2121 cuiuscunque
1477 2054 1644 2119 operis
1684 2055 1932 2105 meritorii
1971 2056 2189 2107 membri

0 2139 53 2211 {7ss1-
140 2143 233 2204 sui,
275 2161 393 2194 cum
431 2144 585 2194 modo
624 2142 851 2194 mirabili
891 2143 1034 2193 ducit
1071 2149 1246 2209 patres
1284 2142 1414 2209 legis
1452 2142 1642 2194 Veteris
1681 2160 1774 2208 per
1812 2143 1952 2194 Viam
1993 2144 2189 2194 domini

0 2209 73 2297 {5
140 2231 207 2281 ad
243 2232 469 2297 patriam
506 2231 822 2282 incedentes.

0 2302 10 2390 Ξ
287 2318 509 2386 Oportet
546 2337 668 2386 ergo
705 2319 928 2371 fundare
965 2321 1020 2370 in
1057 2320 1182 2380 fide,
1232 2319 1371 2386 quod
1408 2319 1506 2369 iste
1544 2337 1695 2386 pape,
1741 2320 1969 2386 episcopi
2009 2328 2060 2371 et
2099 2321 2187 2372 ab·

0 2392 49 2462 {5
138 2407 286 2459 bates
337 2408 392 2458 in
446 2408 784 2475 approbando
839 2403 1167 2459 dotacionem
1221 2406 1382 2457 talem
1437 2408 1600 2458 secuti
1656 2408 1867 2458 fuerant
1919 2409 2187 2460 dominum

0 2494 311 2570 ἓ201611111111
352 2495 602 2558 Cristum3
644 2499 697 2548 et
734 2504 857 2548 tunc
896 2496 1029 2547 bene
1068 2496 1321 2564 sequitur,
1374 2495 1511 2563 quod
1552 2495 1685 2546 bene
1725 2504 1778 2547 et
1815 2497 2075 2548 meritorie
2115 2498 2186 2548 sic

0 2571 56 2626 {24
139 2584 390 2635 fecerunt.

287 2672 392 2723 Sed
431 2692 548 2724 cum
586 2673 640 2724 in
668 2672 837 2725 Cristo
877 2691 982 2723 non
1020 2672 1230 2722 fuerant
1256 2679 1334 2722 est
1361 2679 1412 2722 et
1449 2690 1568 2733 non,
1611 2679 1669 2722 ut
1706 2680 1853 2738 patet
1881 2673 1938 2723 Π
1965 2673 2082 2725 Cor.
2116 2671 2188 2736 1‚'²

141 2758 340 2812 Cristus
379 2770 553 2812 autem
601 2762 886 2812 secundum
940 2762 1110 2826 legem
1150 2778 1297 2810 suam
1346 2761 1607 2827 duplicem
1662 2761 1927 2826 prohibuit
1973 2762 2188 2813 clericos

32 2855 53 2887 2²2
140 2866 258 2899 suos
296 2849 368 2899 sic
409 2849 592 2912 dotari,
635 2858 687 2901 et
723 2846 777 2900 in
816 2867 1037 2916 persona
1084 2850 1293 2915 propria
1341 2867 1401 2899 ac
1441 2849 1546 2899 suis
1595 2849 1842 2915 apostolis
1881 2850 1978 2900 hoc
2019 2868 2187 2901 serva-

0 2935 123 3002 ςξ25
141 2936 230 2998 vit,
272 2937 605 2988 manifestum
646 2946 737 2999 est,
780 2938 919 3006 quod
956 2955 1076 3003 pars
1116 2936 1215 2987 sibi
1241 2937 1500 2988 contraria
1534 2955 1627 3003 per
1653 2938 1977 2988 anticristum
2016 2939 2189 2989 fuerat

0 3020 54 3093 ξ
139 3025 451 3076 introducta.
531 3025 678 3077 Sicut
716 3044 837 3092 ergo
876 3044 981 3076 non
1028 3025 1280 3093 sequitur:
1321 3026 1529 3087 Petrus,
1571 3026 1791 3087 Paulus,
1833 3026 1925 3075 filii
1963 3026 2210 3077 Zebedei.

37 3102 47 3125 l

0 2654 58 2720 23,-

0 2722 77 2805 3

0 2889 50 2931 Α

0 3100 55 3173 3}
142 3119 194 3162 et
231 3111 470 3164 Scarioth
510 3115 581 3165 sic
621 3115 871 3176 fecerunt,
913 3132 1035 3180 ergo
1074 3113 1382 3180 relinquitur
1420 3115 1677 3165 cristianis
1726 3114 1794 3164 ad
1834 3115 2186 3165 imitacionem

35 3189 54 3238 {-
141 3217 318 3251 eorum
370 3202 546 3253 taliter
596 3202 921 3264 faciendum,
978 3203 1051 3252 ita
1104 3219 1209 3252 non
1263 3202 1514 3269 sequitur:
1571 3203 1656 3252 isti
1696 3203 1867 3253 vocati
1907 3203 2074 3253 sancti
2114 3203 2187 3254 sic

140 3288 390 3351 fecerunt,
432 3308 553 3356 ergo
593 3290 750 3353 bene,
800 3291 899 3342 nisi
938 3291 1115 3351 docto,
1171 3290 1309 3356 quod
1347 3291 1400 3340 in
1440 3291 1538 3341 hoc
1578 3291 1741 3341 secuti
1780 3291 1990 3341 fuerant
2027 3291 2187 3342 domi-

0 3363 6 3383 ’Ξ
55 3384 126 3430 ³30
142 3393 265 3426 num
302 3377 477 3428 Iesum
517 3377 759 3429 Cristum.

510 3570 638 3611 CAP.
662 3570 761 3610 III.
812 3572 832 3591 α
867 3568 966 3609 Ticis
996 3568 1193 3610 binarius
1223 3570 1261 3609 is·
1281 3569 1398 3622 beiny
1420 3569 1584 3610 treated
1605 3570 1660 3622 of
1673 3568 1722 3622 by
1743 3570 1811 3609 the
1833 3569 2000 3608 Autkor
2030 3569 2074 3608 in
2104 3569 2187 3608 this

433 3646 519 3685 and
549 3646 616 3685 the
645 3644 861 3697 jbllowv'fny
891 3644 1066 3696 chapter
1183 3639 1200 3664 '²
1231 3658 1266 3684 v.
1289 3646 1340 3685 19
