<?xml version="1.0" encoding="UTF-8"?>
<!DOCTYPE html PUBLIC "-//W3C//DTD XHTML 1.0 Transitional//EN"
    "http://www.w3.org/TR/xhtml1/DTD/xhtml1-transitional.dtd">
<html xmlns="http://www.w3.org/1999/xhtml" xml:lang="en" lang="en">
 <head>
  <title>
</title>
<meta http-equiv="Content-Type" content="text/html;charset=utf-8" />
  <meta name='ocr-system' content='tesseract 3.04.00' />
  <meta name='ocr-capabilities' content='ocr_page ocr_carea ocr_par ocr_line ocrx_word'/>
</head>
<body>
  <div class='ocr_page' id='page_1' title='image "./johnwiclifspolem02wycluoft_0290.png"; bbox 0 0 2528 4074; ppageno 0'>
   <div class='ocr_carea' id='block_1_1' title="bbox 419 342 2411 425">
    <p class='ocr_par' dir='ltr' id='par_1_1' title="bbox 419 342 2411 425">
     <span class='ocr_line' id='line_1_1' title="bbox 419 342 2411 425; baseline -0.001 -15"><span class='ocrx_word' id='word_1_1' title='bbox 419 378 519 425; x_wconf 84' lang='lat'>660</span> <span class='ocrx_word' id='word_1_2' title='bbox 1118 369 1438 410; x_wconf 72' lang='lat' dir='ltr'><strong><em>JOHANNIS</em></strong></span> <span class='ocrx_word' id='word_1_3' title='bbox 1476 370 1708 416; x_wconf 64' lang='lat' dir='ltr'><em>WJOLIR</em></span> <span class='ocrx_word' id='word_1_4' title='bbox 2195 367 2303 424; x_wconf 71' lang='lat' dir='ltr'>[cap.</span> <span class='ocrx_word' id='word_1_5' title='bbox 2333 342 2411 412; x_wconf 72' lang='grc' dir='ltr'>Ῑν</span> 
     </span>
    </p>
   </div>
   <div class='ocr_carea' id='block_1_2' title="bbox 413 513 2501 1004">
    <p class='ocr_par' dir='ltr' id='par_1_2' title="bbox 413 513 2501 1004">
     <span class='ocr_line' id='line_1_2' title="bbox 557 513 2408 581; baseline -0.001 -15"><span class='ocrx_word' id='word_1_6' title='bbox 557 516 627 566; x_wconf 92' lang='lat' dir='ltr'>Et</span> <span class='ocrx_word' id='word_1_7' title='bbox 666 517 737 566; x_wconf 89' lang='lat' dir='ltr'>sic</span> <span class='ocrx_word' id='word_1_8' title='bbox 776 515 1046 581; x_wconf 85' lang='lat' dir='ltr'>dupliciter</span> <span class='ocrx_word' id='word_1_9' title='bbox 1082 521 1251 580; x_wconf 89' lang='lat' dir='ltr'>potest</span> <span class='ocrx_word' id='word_1_10' title='bbox 1285 513 1522 577; x_wconf 76' lang='lat' dir='ltr'>intelligi,</span> <span class='ocrx_word' id='word_1_11' title='bbox 1576 530 1734 562; x_wconf 92' lang='lat' dir='ltr'>unum</span> <span class='ocrx_word' id='word_1_12' title='bbox 1772 530 1955 579; x_wconf 88' lang='lat' dir='ltr'>corpus</span> <span class='ocrx_word' id='word_1_13' title='bbox 1992 529 2100 563; x_wconf 91' lang='lat' dir='ltr'>esse</span> <span class='ocrx_word' id='word_1_14' title='bbox 2136 514 2300 563; x_wconf 88' lang='lat' dir='ltr'>maius</span> <span class='ocrx_word' id='word_1_15' title='bbox 2334 530 2408 564; x_wconf 84' lang='lat' dir='ltr'>re-</span> 
     </span>
     <span class='ocr_line' id='line_1_3' title="bbox 413 598 2494 668; baseline -0.001 -17"><span class='ocrx_word' id='word_1_16' title='bbox 413 602 573 668; x_wconf 91' lang='lat' dir='ltr'>liqu0,</span> <span class='ocrx_word' id='word_1_17' title='bbox 613 602 806 652; x_wconf 85' lang='lat' dir='ltr'>scilicet</span> <span class='ocrx_word' id='word_1_18' title='bbox 842 601 1076 650; x_wconf 83' lang='lat' dir='ltr'>continue</span> <span class='ocrx_word' id='word_1_19' title='bbox 1115 599 1197 649; x_wconf 91' lang='lat' dir='ltr'>vel</span> <span class='ocrx_word' id='word_1_20' title='bbox 1234 599 1470 658; x_wconf 81' lang='lat' dir='ltr'>discrete;</span> <span class='ocrx_word' id='word_1_21' title='bbox 1526 599 1784 659; x_wconf 92' lang='lat' dir='ltr'>continue,</span> <span class='ocrx_word' id='word_1_22' title='bbox 1825 599 1955 648; x_wconf 88' lang='lat' dir='ltr'>sicut</span> <span class='ocrx_word' id='word_1_23' title='bbox 1991 615 2174 664; x_wconf 90' lang='lat' dir='ltr'>corpus</span> <span class='ocrx_word' id='word_1_24' title='bbox 2210 598 2412 650; x_wconf 82' lang='lat' dir='ltr'>excedit</span> <span class='ocrx_word' id='word_1_25' title='bbox 2492 647 2494 649; x_wconf 84' lang='lat'>.</span> 
     </span>
     <span class='ocr_line' id='line_1_4' title="bbox 414 679 2486 753; baseline -0.002 -15"><span class='ocrx_word' id='word_1_26' title='bbox 414 688 490 737; x_wconf 87' lang='lat' dir='ltr'>sui</span> <span class='ocrx_word' id='word_1_27' title='bbox 526 694 723 753; x_wconf 89' lang='lat' dir='ltr'>partem</span> <span class='ocrx_word' id='word_1_28' title='bbox 761 684 1040 751; x_wconf 85' lang='lat' dir='ltr'>quamlibet</span> <span class='ocrx_word' id='word_1_29' title='bbox 1075 679 1454 743; x_wconf 78' lang='lat' dir='ltr'>numeralem,²⁵</span> <span class='ocrx_word' id='word_1_30' title='bbox 1494 684 1707 734; x_wconf 85' lang='lat' dir='ltr'>discrete</span> <span class='ocrx_word' id='word_1_31' title='bbox 1740 690 1911 734; x_wconf 90' lang='lat' dir='ltr'>autem</span> <span class='ocrx_word' id='word_1_32' title='bbox 1935 701 2093 733; x_wconf 91' lang='lat' dir='ltr'>unum</span> <span class='ocrx_word' id='word_1_33' title='bbox 2119 700 2300 748; x_wconf 89' lang='lat' dir='ltr'>corpus</span> <span class='ocrx_word' id='word_1_34' title='bbox 2324 700 2408 734; x_wconf 88' lang='lat' dir='ltr'>ex·</span> <span class='ocrx_word' id='word_1_35' title='bbox 2484 750 2486 752; x_wconf 12' lang='lat' dir='ltr'>V</span> 
     </span>
     <span class='ocr_line' id='line_1_5' title="bbox 414 764 2501 837; baseline -0.001 -15"><span class='ocrx_word' id='word_1_36' title='bbox 414 773 548 822; x_wconf 88' lang='lat' dir='ltr'>cedit</span> <span class='ocrx_word' id='word_1_37' title='bbox 572 772 820 837; x_wconf 89' lang='lat' dir='ltr'>reliquum</span> <span class='ocrx_word' id='word_1_38' title='bbox 846 787 936 835; x_wconf 90' lang='lat' dir='ltr'>per</span> <span class='ocrx_word' id='word_1_39' title='bbox 959 777 1128 834; x_wconf 88' lang='lat' dir='ltr'>partes</span> <span class='ocrx_word' id='word_1_40' title='bbox 1154 768 1500 828; x_wconf 81' lang='lat' dir='ltr'>indivisibiles,</span> <span class='ocrx_word' id='word_1_41' title='bbox 1536 786 1633 835; x_wconf 92' lang='lat' dir='ltr'>que</span> <span class='ocrx_word' id='word_1_42' title='bbox 1658 786 1760 818; x_wconf 94' lang='lat' dir='ltr'>non</span> <span class='ocrx_word' id='word_1_43' title='bbox 1784 776 1902 819; x_wconf 91' lang='lat' dir='ltr'>sunt</span> <span class='ocrx_word' id='word_1_44' title='bbox 1925 775 2096 834; x_wconf 90' lang='lat' dir='ltr'>partes</span> <span class='ocrx_word' id='word_1_45' title='bbox 2121 769 2408 820; x_wconf 77' lang='lat' dir='ltr'>numerales</span> <span class='ocrx_word' id='word_1_46' title='bbox 2489 764 2501 827; x_wconf 63' lang='lat' dir='ltr'><strong><em>J</em></strong></span> 
     </span>
     <span class='ocr_line' id='line_1_6' title="bbox 413 851 2499 923; baseline -0.001 -16"><span class='ocrx_word' id='word_1_47' title='bbox 413 858 496 907; x_wconf 93' lang='lat' dir='ltr'>vel</span> <span class='ocrx_word' id='word_1_48' title='bbox 533 855 942 923; x_wconf 89' lang='lat' dir='ltr'>proporcionales</span> <span class='ocrx_word' id='word_1_49' title='bbox 979 854 1283 919; x_wconf 89' lang='lat' dir='ltr'>geometrice</span> <span class='ocrx_word' id='word_1_50' title='bbox 1320 870 1409 903; x_wconf 92' lang='lat' dir='ltr'>suo</span> <span class='ocrx_word' id='word_1_51' title='bbox 1447 854 1554 903; x_wconf 93' lang='lat' dir='ltr'>toti.</span> <span class='ocrx_word' id='word_1_52' title='bbox 1587 883 1656 888; x_wconf 97' lang='lat'><strong>—</strong></span> <span class='ocrx_word' id='word_1_53' title='bbox 1693 853 1764 903; x_wconf 92' lang='lat' dir='ltr'>Et</span> <span class='ocrx_word' id='word_1_54' title='bbox 1797 855 1850 903; x_wconf 93' lang='lat' dir='ltr'>in</span> <span class='ocrx_word' id='word_1_55' title='bbox 1885 855 1983 904; x_wconf 90' lang='lat' dir='ltr'>ista</span> <span class='ocrx_word' id='word_1_56' title='bbox 2021 854 2408 920; x_wconf 87' lang='lat' dir='ltr'>equivocacione</span> <span class='ocrx_word' id='word_1_57' title='bbox 2450 851 2499 904; x_wconf 67' lang='lat' dir='ltr'>5s</span> 
     </span>
     <span class='ocr_line' id='line_1_7' title="bbox 413 939 1665 1004; baseline -0.005 -11"><span class='ocrx_word' id='word_1_58' title='bbox 413 943 649 993; x_wconf 91' lang='lat' dir='ltr'>laborant</span> <span class='ocrx_word' id='word_1_59' title='bbox 684 941 929 990; x_wconf 89' lang='lat' dir='ltr'>inutiliter</span> <span class='ocrx_word' id='word_1_60' title='bbox 966 940 1201 998; x_wconf 81' lang='lat' dir='ltr'>sciencie,</span> <span class='ocrx_word' id='word_1_61' title='bbox 1242 955 1338 1004; x_wconf 90' lang='lat' dir='ltr'>que</span> <span class='ocrx_word' id='word_1_62' title='bbox 1376 939 1665 988; x_wconf 81' lang='lat' dir='ltr'>miscentur.</span> 
     </span>
    </p>
   </div>
   <div class='ocr_carea' id='block_1_3' title="bbox 2462 0 2528 2774">
    <p class='ocr_par' dir='ltr' id='par_1_3' title="bbox 2462 0 2528 2774">
     <span class='ocr_line' id='line_1_8' title="bbox 2462 0 2528 2774; baseline 0 -1956"><span class='ocrx_word' id='word_1_63' title='bbox 2462 0 2528 2774; x_wconf 95' lang='lat' dir='ltr'>     </span> 
     </span>
    </p>
   </div>
   <div class='ocr_carea' id='block_1_4' title="bbox 1275 1167 1550 1216">
    <p class='ocr_par' dir='ltr' id='par_1_4' title="bbox 1275 1167 1550 1216">
     <span class='ocr_line' id='line_1_9' title="bbox 1275 1167 1550 1216; baseline 0.004 -1"><span class='ocrx_word' id='word_1_64' title='bbox 1275 1167 1418 1215; x_wconf 80' lang='lat' dir='ltr'><strong><em>OAP.</em></strong></span> <span class='ocrx_word' id='word_1_65' title='bbox 1458 1167 1550 1216; x_wconf 88' lang='lat' dir='ltr'>IV.</span> 
     </span>
    </p>
   </div>
   <div class='ocr_carea' id='block_1_5' title="bbox 403 1319 2478 2260">
    <p class='ocr_par' dir='ltr' id='par_1_5' title="bbox 407 1317 2487 1820">
     <span class='ocr_line' id='line_1_10' title="bbox 555 1319 2408 1390; baseline 0 -15"><span class='ocrx_word' id='word_1_66' title='bbox 555 1324 659 1375; x_wconf 86' lang='lat' dir='ltr'>Sed</span> <span class='ocrx_word' id='word_1_67' title='bbox 695 1324 862 1374; x_wconf 89' lang='lat' dir='ltr'>adhuc</span> <span class='ocrx_word' id='word_1_68' title='bbox 898 1325 1116 1373; x_wconf 90' lang='lat' dir='ltr'>instatur</span> <span class='ocrx_word' id='word_1_69' title='bbox 1153 1329 1329 1372; x_wconf 89' lang='lat' dir='ltr'>contra</span> <span class='ocrx_word' id='word_1_70' title='bbox 1363 1323 1514 1373; x_wconf 90' lang='lat' dir='ltr'>istam</span> <span class='ocrx_word' id='word_1_71' title='bbox 1546 1323 1871 1384; x_wconf 87' lang='lat' dir='ltr'>sentenciam,</span> <span class='ocrx_word' id='word_1_72' title='bbox 1903 1319 2010 1390; x_wconf 35' lang='lat' dir='ltr'>‘que</span> <span class='ocrx_word' id='word_1_73' title='bbox 2035 1325 2277 1375; x_wconf 87' lang='lat' dir='ltr'>asseritur</span> <span class='ocrx_word' id='word_1_74' title='bbox 2299 1341 2408 1375; x_wconf 87' lang='lat' dir='ltr'>esse</span> 
     </span>
     <span class='ocr_line' id='line_1_11' title="bbox 410 1408 2408 1476; baseline -0.001 -14"><span class='ocrx_word' id='word_1_75' title='bbox 410 1412 558 1462; x_wconf 89' lang='lat' dir='ltr'>fides:</span> <span class='ocrx_word' id='word_1_76' title='bbox 628 1409 852 1476; x_wconf 89' lang='lat' dir='ltr'>quelibet</span> <span class='ocrx_word' id='word_1_77' title='bbox 911 1425 1030 1474; x_wconf 88' lang='lat' dir='ltr'>pars</span> <span class='ocrx_word' id='word_1_78' title='bbox 1093 1408 1432 1474; x_wconf 89' lang='lat' dir='ltr'>quantitativa</span> <span class='ocrx_word' id='word_1_79' title='bbox 1491 1410 1711 1473; x_wconf 88' lang='lat' dir='ltr'>corporis</span> <span class='ocrx_word' id='word_1_80' title='bbox 1764 1416 1840 1459; x_wconf 92' lang='lat' dir='ltr'>est</span> <span class='ocrx_word' id='word_1_81' title='bbox 1892 1427 2096 1476; x_wconf 92' lang='lat' dir='ltr'>corpus,</span> <span class='ocrx_word' id='word_1_82' title='bbox 2165 1410 2256 1461; x_wconf 90' lang='lat' dir='ltr'>sed</span> <span class='ocrx_word' id='word_1_83' title='bbox 2305 1417 2408 1461; x_wconf 88' lang='lat' dir='ltr'>tres</span> 
     </span>
     <span class='ocr_line' id='line_1_12' title="bbox 409 1493 2407 1562; baseline -0.001 -14"><span class='ocrx_word' id='word_1_84' title='bbox 409 1493 686 1548; x_wconf 81' lang='lat' dir='ltr'>ierarchie²</span> <span class='ocrx_word' id='word_1_85' title='bbox 741 1495 949 1545; x_wconf 90' lang='lat' dir='ltr'>celestes</span> <span class='ocrx_word' id='word_1_86' title='bbox 988 1501 1106 1544; x_wconf 90' lang='lat' dir='ltr'>sunt</span> <span class='ocrx_word' id='word_1_87' title='bbox 1148 1500 1320 1559; x_wconf 88' lang='lat' dir='ltr'>partes</span> <span class='ocrx_word' id='word_1_88' title='bbox 1359 1494 1694 1559; x_wconf 87' lang='lat' dir='ltr'>quantitative</span> <span class='ocrx_word' id='word_1_89' title='bbox 1747 1496 1968 1561; x_wconf 90' lang='lat' dir='ltr'>corporis</span> <span class='ocrx_word' id='word_1_90' title='bbox 2013 1495 2247 1556; x_wconf 87' lang='lat' dir='ltr'>ecclesie,</span> <span class='ocrx_word' id='word_1_91' title='bbox 2287 1513 2407 1562; x_wconf 88' lang='lat' dir='ltr'>ergo</span> 
     </span>
     <span class='ocr_line' id='line_1_13' title="bbox 409 1581 2478 1649; baseline -0.001 -17"><span class='ocrx_word' id='word_1_92' title='bbox 409 1582 633 1649; x_wconf 91' lang='lat' dir='ltr'>quelibet</span> <span class='ocrx_word' id='word_1_93' title='bbox 666 1581 871 1631; x_wconf 89' lang='lat' dir='ltr'>illarum</span> <span class='ocrx_word' id='word_1_94' title='bbox 909 1586 985 1630; x_wconf 88' lang='lat' dir='ltr'>est</span> <span class='ocrx_word' id='word_1_95' title='bbox 1010 1597 1207 1645; x_wconf 90' lang='lat' dir='ltr'>corpus,</span> <span class='ocrx_word' id='word_1_96' title='bbox 1247 1586 1299 1628; x_wconf 90' lang='lat' dir='ltr'>et</span> <span class='ocrx_word' id='word_1_97' title='bbox 1321 1596 1413 1644; x_wconf 90' lang='lat' dir='ltr'>per</span> <span class='ocrx_word' id='word_1_98' title='bbox 1437 1596 1750 1646; x_wconf 91' lang='lat' dir='ltr'>consequens</span> <span class='ocrx_word' id='word_1_99' title='bbox 1775 1581 1995 1646; x_wconf 90' lang='lat' dir='ltr'>spiritus,</span> <span class='ocrx_word' id='word_1_100' title='bbox 2034 1599 2138 1632; x_wconf 95' lang='lat' dir='ltr'>non</span> <span class='ocrx_word' id='word_1_101' title='bbox 2160 1581 2407 1633; x_wconf 78' lang='lat' dir='ltr'>habentes</span> <span class='ocrx_word' id='word_1_102' title='bbox 2427 1589 2478 1630; x_wconf 78' lang='lat'>1⁰</span> 
     </span>
     <span class='ocr_line' id='line_1_14' title="bbox 407 1662 2447 1734; baseline 0 -16"><span class='ocrx_word' id='word_1_103' title='bbox 407 1662 750 1734; x_wconf 78' lang='lat' dir='ltr'>posicionem²</span> <span class='ocrx_word' id='word_1_104' title='bbox 801 1665 885 1715; x_wconf 91' lang='lat' dir='ltr'>vel</span> <span class='ocrx_word' id='word_1_105' title='bbox 937 1665 1396 1725; x_wconf 89' lang='lat' dir='ltr'>continuacionem,</span> <span class='ocrx_word' id='word_1_106' title='bbox 1452 1663 1796 1715; x_wconf 78' lang='lat' dir='ltr'>constituunt3</span> <span class='ocrx_word' id='word_1_107' title='bbox 1835 1684 1993 1716; x_wconf 94' lang='lat' dir='ltr'>unum</span> <span class='ocrx_word' id='word_1_108' title='bbox 2031 1684 2229 1733; x_wconf 89' lang='lat' dir='ltr'>corpus.</span> <span class='ocrx_word' id='word_1_109' title='bbox 2305 1667 2408 1719; x_wconf 80' lang='lat' dir='ltr'>Sed</span> <span class='ocrx_word' id='word_1_110' title='bbox 2443 1726 2447 1728; x_wconf 13' lang='grc' dir='ltr'><strong>Ἴ</strong></span> 
     </span>
     <span class='ocr_line' id='line_1_15' title="bbox 409 1747 2451 1820; baseline -0.002 -18"><span class='ocrx_word' id='word_1_111' title='bbox 409 1753 531 1820; x_wconf 92' lang='lat' dir='ltr'>quid</span> <span class='ocrx_word' id='word_1_112' title='bbox 566 1751 956 1818; x_wconf 82' lang='lat' dir='ltr'>impossibilius?</span> <span class='ocrx_word' id='word_1_113' title='bbox 2449 1747 2451 1751; x_wconf 70' lang='grc'><strong>’</strong></span> 
     </span>
    </p>

    <p class='ocr_par' dir='ltr' id='par_1_6' title="bbox 403 1847 2478 2260">
     <span class='ocr_line' id='line_1_16' title="bbox 549 1847 2478 1917; baseline -0.002 -16"><span class='ocrx_word' id='word_1_114' title='bbox 549 1852 652 1902; x_wconf 90' lang='lat' dir='ltr'>Hic</span> <span class='ocrx_word' id='word_1_115' title='bbox 691 1852 868 1902; x_wconf 93' lang='lat' dir='ltr'>dicunt</span> <span class='ocrx_word' id='word_1_116' title='bbox 904 1849 1162 1909; x_wconf 91' lang='lat' dir='ltr'>catholici,</span> <span class='ocrx_word' id='word_1_117' title='bbox 1203 1850 1338 1915; x_wconf 91' lang='lat' dir='ltr'>quod</span> <span class='ocrx_word' id='word_1_118' title='bbox 1376 1849 1570 1915; x_wconf 88' lang='lat' dir='ltr'>duplex</span> <span class='ocrx_word' id='word_1_119' title='bbox 1607 1857 1684 1900; x_wconf 91' lang='lat' dir='ltr'>est</span> <span class='ocrx_word' id='word_1_120' title='bbox 1718 1867 1837 1915; x_wconf 90' lang='lat' dir='ltr'>pars</span> <span class='ocrx_word' id='word_1_121' title='bbox 1875 1853 2097 1917; x_wconf 87' lang='lat' dir='ltr'>corporis</span> <span class='ocrx_word' id='word_1_122' title='bbox 2133 1852 2295 1902; x_wconf 82' lang='lat' dir='ltr'>eciam</span> <span class='ocrx_word' id='word_1_123' title='bbox 2333 1869 2406 1900; x_wconf 72' lang='lat' dir='ltr'>sa·</span> <span class='ocrx_word' id='word_1_124' title='bbox 2476 1847 2478 1849; x_wconf 68' lang='grc'><strong>’</strong></span> 
     </span>
     <span class='ocr_line' id='line_1_17' title="bbox 405 1934 2407 2004; baseline 0 -17"><span class='ocrx_word' id='word_1_125' title='bbox 405 1938 629 1988; x_wconf 91' lang='lat' dir='ltr'>cundum</span> <span class='ocrx_word' id='word_1_126' title='bbox 664 1937 1005 2002; x_wconf 86' lang='lat' dir='ltr'>philosophos,</span> <span class='ocrx_word' id='word_1_127' title='bbox 1045 1935 1239 1985; x_wconf 91' lang='lat' dir='ltr'>scilicet</span> <span class='ocrx_word' id='word_1_128' title='bbox 1275 1952 1393 2000; x_wconf 88' lang='lat' dir='ltr'>pars</span> <span class='ocrx_word' id='word_1_129' title='bbox 1432 1936 1772 2002; x_wconf 89' lang='lat' dir='ltr'>quantitativa</span> <span class='ocrx_word' id='word_1_130' title='bbox 1809 1944 1860 1986; x_wconf 94' lang='lat' dir='ltr'>et</span> <span class='ocrx_word' id='word_1_131' title='bbox 1895 1954 2015 2003; x_wconf 87' lang='lat' dir='ltr'>pars</span> <span class='ocrx_word' id='word_1_132' title='bbox 2053 1934 2407 2004; x_wconf 77' lang='lat' dir='ltr'>qualitativa;⁴</span> 
     </span>
     <span class='ocr_line' id='line_1_18' title="bbox 406 2010 2474 2087; baseline 0.002 -14"><span class='ocrx_word' id='word_1_133' title='bbox 406 2031 457 2073; x_wconf 93' lang='lat' dir='ltr'>et</span> <span class='ocrx_word' id='word_1_134' title='bbox 494 2041 609 2073; x_wconf 91' lang='lat' dir='ltr'>cum</span> <span class='ocrx_word' id='word_1_135' title='bbox 647 2024 808 2072; x_wconf 88' lang='lat' dir='ltr'>omnis</span> <span class='ocrx_word' id='word_1_136' title='bbox 844 2023 995 2072; x_wconf 91' lang='lat' dir='ltr'>homo</span> <span class='ocrx_word' id='word_1_137' title='bbox 1033 2022 1098 2071; x_wconf 91' lang='lat' dir='ltr'>sit</span> <span class='ocrx_word' id='word_1_138' title='bbox 1135 2038 1330 2086; x_wconf 76' lang='lat' dir='ltr'>coerS,</span> <span class='ocrx_word' id='word_1_139' title='bbox 1372 2028 1422 2070; x_wconf 94' lang='lat' dir='ltr'>et</span> <span class='ocrx_word' id='word_1_140' title='bbox 1460 2022 1630 2071; x_wconf 82' lang='lat' dir='ltr'>anima</span> <span class='ocrx_word' id='word_1_141' title='bbox 1667 2022 1732 2071; x_wconf 91' lang='lat' dir='ltr'>sit</span> <span class='ocrx_word' id='word_1_142' title='bbox 1767 2039 1886 2087; x_wconf 89' lang='lat' dir='ltr'>pars</span> <span class='ocrx_word' id='word_1_143' title='bbox 1912 2023 2034 2084; x_wconf 90' lang='lat' dir='ltr'>eius,</span> <span class='ocrx_word' id='word_1_144' title='bbox 2073 2040 2176 2074; x_wconf 90' lang='lat' dir='ltr'>non</span> <span class='ocrx_word' id='word_1_145' title='bbox 2199 2010 2474 2086; x_wconf 21' lang='lat' dir='ltr'>vertuntzs-</span> 
     </span>
     <span class='ocr_line' id='line_1_19' title="bbox 403 2106 2478 2176; baseline 0 -18"><span class='ocrx_word' id='word_1_146' title='bbox 403 2110 457 2158; x_wconf 90' lang='lat' dir='ltr'>in</span> <span class='ocrx_word' id='word_1_147' title='bbox 502 2108 734 2168; x_wconf 91' lang='lat' dir='ltr'>dubium,</span> <span class='ocrx_word' id='word_1_148' title='bbox 790 2108 911 2174; x_wconf 92' lang='lat' dir='ltr'>quin</span> <span class='ocrx_word' id='word_1_149' title='bbox 961 2124 1064 2157; x_wconf 95' lang='lat' dir='ltr'>non</span> <span class='ocrx_word' id='word_1_150' title='bbox 1113 2106 1338 2173; x_wconf 90' lang='lat' dir='ltr'>quelibet</span> <span class='ocrx_word' id='word_1_151' title='bbox 1381 2123 1501 2171; x_wconf 91' lang='lat' dir='ltr'>pars</span> <span class='ocrx_word' id='word_1_152' title='bbox 1539 2108 1761 2172; x_wconf 93' lang='lat' dir='ltr'>corporis</span> <span class='ocrx_word' id='word_1_153' title='bbox 1799 2116 1850 2159; x_wconf 89' lang='lat' dir='ltr'>et</span> <span class='ocrx_word' id='word_1_154' title='bbox 1885 2125 1988 2158; x_wconf 94' lang='lat' dir='ltr'>non</span> <span class='ocrx_word' id='word_1_155' title='bbox 2026 2109 2252 2175; x_wconf 88' lang='lat' dir='ltr'>quelibet</span> <span class='ocrx_word' id='word_1_156' title='bbox 2286 2126 2406 2176; x_wconf 85' lang='lat' dir='ltr'>pars</span> <span class='ocrx_word' id='word_1_157' title='bbox 2469 2114 2478 2158; x_wconf 77' lang='grc' dir='ltr'>ἶ</span> 
     </span>
     <span class='ocr_line' id='line_1_20' title="bbox 406 2194 1309 2260; baseline -0.002 -17"><span class='ocrx_word' id='word_1_158' title='bbox 406 2195 708 2260; x_wconf 87' lang='lat' dir='ltr'>qualitativa</span> <span class='ocrx_word' id='word_1_159' title='bbox 745 2194 961 2244; x_wconf 90' lang='lat' dir='ltr'>hominis</span> <span class='ocrx_word' id='word_1_160' title='bbox 999 2201 1075 2243; x_wconf 92' lang='lat' dir='ltr'>est</span> <span class='ocrx_word' id='word_1_161' title='bbox 1112 2210 1309 2258; x_wconf 88' lang='lat' dir='ltr'>corpus.</span> 
     </span>
    </p>
   </div>
   <div class='ocr_carea' id='block_1_6' title="bbox 405 2283 2478 2874">
    <p class='ocr_par' dir='ltr' id='par_1_7' title="bbox 405 2283 2478 2874">
     <span class='ocr_line' id='line_1_21' title="bbox 549 2283 2478 2356; baseline 0.002 -12"><span class='ocrx_word' id='word_1_162' title='bbox 549 2293 654 2344; x_wconf 80' lang='lat' dir='ltr'>Sed</span> <span class='ocrx_word' id='word_1_163' title='bbox 689 2294 900 2343; x_wconf 88' lang='lat' dir='ltr'>ulterius</span> <span class='ocrx_word' id='word_1_164' title='bbox 939 2293 1262 2343; x_wconf 89' lang='lat' dir='ltr'>considerant</span> <span class='ocrx_word' id='word_1_165' title='bbox 1297 2292 1520 2356; x_wconf 85' lang='lat' dir='ltr'>theologi</span> <span class='ocrx_word' id='word_1_166' title='bbox 1557 2292 1791 2343; x_wconf 90' lang='lat' dir='ltr'>subtilius</span> <span class='ocrx_word' id='word_1_167' title='bbox 1821 2294 1874 2343; x_wconf 90' lang='lat' dir='ltr'>in</span> <span class='ocrx_word' id='word_1_168' title='bbox 1897 2295 1996 2345; x_wconf 90' lang='lat' dir='ltr'>ista</span> <span class='ocrx_word' id='word_1_169' title='bbox 2019 2296 2250 2356; x_wconf 83' lang='lat' dir='ltr'>materia,</span> <span class='ocrx_word' id='word_1_170' title='bbox 2289 2313 2406 2346; x_wconf 90' lang='lat' dir='ltr'>cum</span> <span class='ocrx_word' id='word_1_171' title='bbox 2475 2283 2478 2293; x_wconf 48' lang='lat'><strong>⁴</strong></span> 
     </span>
     <span class='ocr_line' id='line_1_22' title="bbox 406 2377 2404 2444; baseline 0.001 -14"><span class='ocrx_word' id='word_1_172' title='bbox 406 2380 730 2430; x_wconf 88' lang='lat' dir='ltr'>considerant</span> <span class='ocrx_word' id='word_1_173' title='bbox 767 2380 831 2429; x_wconf 92' lang='lat' dir='ltr'>de</span> <span class='ocrx_word' id='word_1_174' title='bbox 867 2386 1012 2444; x_wconf 90' lang='lat' dir='ltr'>parte</span> <span class='ocrx_word' id='word_1_175' title='bbox 1049 2378 1347 2429; x_wconf 89' lang='lat' dir='ltr'>indivisibili</span> <span class='ocrx_word' id='word_1_176' title='bbox 1384 2379 1627 2443; x_wconf 89' lang='lat' dir='ltr'>corporis,</span> <span class='ocrx_word' id='word_1_177' title='bbox 1668 2377 1952 2444; x_wconf 81' lang='lat' dir='ltr'>quomodo⁵</span> <span class='ocrx_word' id='word_1_178' title='bbox 1990 2377 2121 2431; x_wconf 79' lang='lat' dir='ltr'>stat⁶</span> <span class='ocrx_word' id='word_1_179' title='bbox 2156 2381 2404 2432; x_wconf 84' lang='lat' dir='ltr'>resolucio</span> 
     </span>
     <span class='ocr_line' id='line_1_23' title="bbox 405 2455 2475 2533; baseline 0 -18"><span class='ocrx_word' id='word_1_180' title='bbox 405 2466 573 2531; x_wconf 87' lang='lat' dir='ltr'>quoad</span> <span class='ocrx_word' id='word_1_181' title='bbox 623 2466 824 2515; x_wconf 88' lang='lat' dir='ltr'>molem.</span> <span class='ocrx_word' id='word_1_182' title='bbox 912 2464 983 2514; x_wconf 91' lang='lat' dir='ltr'>Et</span> <span class='ocrx_word' id='word_1_183' title='bbox 1043 2466 1113 2514; x_wconf 91' lang='lat' dir='ltr'>sic</span> <span class='ocrx_word' id='word_1_184' title='bbox 1173 2465 1426 2531; x_wconf 90' lang='lat' dir='ltr'>loquendo</span> <span class='ocrx_word' id='word_1_185' title='bbox 1479 2465 1542 2514; x_wconf 91' lang='lat' dir='ltr'>de</span> <span class='ocrx_word' id='word_1_186' title='bbox 1594 2472 1740 2530; x_wconf 91' lang='lat' dir='ltr'>parte</span> <span class='ocrx_word' id='word_1_187' title='bbox 1791 2466 2131 2531; x_wconf 90' lang='lat' dir='ltr'>quantitativa</span> <span class='ocrx_word' id='word_1_188' title='bbox 2183 2467 2446 2533; x_wconf 65' lang='lat' dir='ltr'>corporis?</span> <span class='ocrx_word' id='word_1_189' title='bbox 2466 2455 2475 2530; x_wconf 30' lang='grc' dir='ltr'>ᾗ,</span> 
     </span>
     <span class='ocr_line' id='line_1_24' title="bbox 405 2548 2460 2619; baseline 0.001 -19"><span class='ocrx_word' id='word_1_190' title='bbox 405 2551 616 2600; x_wconf 91' lang='lat' dir='ltr'>ecclesie</span> <span class='ocrx_word' id='word_1_191' title='bbox 653 2548 917 2601; x_wconf 88' lang='lat' dir='ltr'>locuntur⁷</span> <span class='ocrx_word' id='word_1_192' title='bbox 968 2551 1031 2600; x_wconf 96' lang='lat' dir='ltr'>de</span> <span class='ocrx_word' id='word_1_193' title='bbox 1068 2551 1180 2616; x_wconf 88' lang='lat' dir='ltr'>ipsa</span> <span class='ocrx_word' id='word_1_194' title='bbox 1218 2552 1556 2611; x_wconf 86' lang='lat' dir='ltr'>communius,</span> <span class='ocrx_word' id='word_1_195' title='bbox 1611 2568 1763 2617; x_wconf 88' lang='lat' dir='ltr'>quam</span> <span class='ocrx_word' id='word_1_196' title='bbox 1813 2551 2051 2602; x_wconf 90' lang='lat' dir='ltr'>locuntur</span> <span class='ocrx_word' id='word_1_197' title='bbox 2098 2552 2401 2619; x_wconf 80' lang='lat' dir='ltr'>philosophi,</span> <span class='ocrx_word' id='word_1_198' title='bbox 2448 2586 2460 2610; x_wconf 53' lang='lat'>‚-</span> 
     </span>
     <span class='ocr_line' id='line_1_25' title="bbox 405 2636 2404 2704; baseline 0.003 -19"><span class='ocrx_word' id='word_1_199' title='bbox 405 2637 598 2686; x_wconf 89' lang='lat' dir='ltr'>scilicet</span> <span class='ocrx_word' id='word_1_200' title='bbox 633 2637 696 2686; x_wconf 93' lang='lat' dir='ltr'>de</span> <span class='ocrx_word' id='word_1_201' title='bbox 731 2645 875 2701; x_wconf 91' lang='lat' dir='ltr'>parte</span> <span class='ocrx_word' id='word_1_202' title='bbox 913 2636 1140 2703; x_wconf 90' lang='lat' dir='ltr'>qualibet</span> <span class='ocrx_word' id='word_1_203' title='bbox 1175 2637 1440 2696; x_wconf 89' lang='lat' dir='ltr'>numerali,</span> <span class='ocrx_word' id='word_1_204' title='bbox 1482 2644 1533 2686; x_wconf 94' lang='lat' dir='ltr'>et</span> <span class='ocrx_word' id='word_1_205' title='bbox 1562 2637 1632 2687; x_wconf 88' lang='lat' dir='ltr'>sic</span> <span class='ocrx_word' id='word_1_206' title='bbox 1659 2645 1863 2702; x_wconf 88' lang='lat' dir='ltr'>negant,</span> <span class='ocrx_word' id='word_1_207' title='bbox 1904 2637 2185 2704; x_wconf 86' lang='lat' dir='ltr'>quamlibet</span> <span class='ocrx_word' id='word_1_208' title='bbox 2206 2647 2404 2704; x_wconf 83' lang='lat' dir='ltr'>partem</span> 
     </span>
     <span class='ocr_line' id='line_1_26' title="bbox 406 2722 2478 2792; baseline 0.003 -23"><span class='ocrx_word' id='word_1_209' title='bbox 406 2722 796 2787; x_wconf 89' lang='lat' dir='ltr'>quantitativam</span> <span class='ocrx_word' id='word_1_210' title='bbox 835 2723 1056 2787; x_wconf 89' lang='lat' dir='ltr'>corporis</span> <span class='ocrx_word' id='word_1_211' title='bbox 1095 2739 1204 2771; x_wconf 89' lang='lat' dir='ltr'>esse</span> <span class='ocrx_word' id='word_1_212' title='bbox 1242 2739 1447 2787; x_wconf 90' lang='lat' dir='ltr'>corpus,</span> <span class='ocrx_word' id='word_1_213' title='bbox 1489 2740 1605 2772; x_wconf 92' lang='lat' dir='ltr'>cum</span> <span class='ocrx_word' id='word_1_214' title='bbox 1642 2723 1844 2788; x_wconf 88' lang='lat' dir='ltr'>spiritus</span> <span class='ocrx_word' id='word_1_215' title='bbox 1881 2723 2204 2774; x_wconf 90' lang='lat' dir='ltr'>indivisibilis</span> <span class='ocrx_word' id='word_1_216' title='bbox 2235 2725 2404 2792; x_wconf 89' lang='lat' dir='ltr'>quoad</span> <span class='ocrx_word' id='word_1_217' title='bbox 2476 2735 2478 2739; x_wconf 83' lang='grc'>’</span> 
     </span>
     <span class='ocr_line' id='line_1_27' title="bbox 405 2807 2468 2874; baseline 0.003 -19"><span class='ocrx_word' id='word_1_218' title='bbox 405 2807 590 2856; x_wconf 92' lang='lat' dir='ltr'>molem</span> <span class='ocrx_word' id='word_1_219' title='bbox 641 2808 707 2857; x_wconf 92' lang='lat' dir='ltr'>sit</span> <span class='ocrx_word' id='word_1_220' title='bbox 755 2826 874 2873; x_wconf 88' lang='lat' dir='ltr'>pars</span> <span class='ocrx_word' id='word_1_221' title='bbox 928 2808 1267 2874; x_wconf 89' lang='lat' dir='ltr'>quantitativa</span> <span class='ocrx_word' id='word_1_222' title='bbox 1320 2809 1541 2873; x_wconf 88' lang='lat' dir='ltr'>corporis</span> <span class='ocrx_word' id='word_1_223' title='bbox 1594 2808 1828 2870; x_wconf 90' lang='lat' dir='ltr'>ecclesie,</span> <span class='ocrx_word' id='word_1_224' title='bbox 1891 2809 2011 2859; x_wconf 89' lang='lat' dir='ltr'>licet</span> <span class='ocrx_word' id='word_1_225' title='bbox 2061 2827 2164 2860; x_wconf 94' lang='lat' dir='ltr'>non</span> <span class='ocrx_word' id='word_1_226' title='bbox 2214 2810 2405 2862; x_wconf 86' lang='lat' dir='ltr'>habeat</span> <span class='ocrx_word' id='word_1_227' title='bbox 2438 2815 2468 2870; x_wconf 69' lang='grc'>,’</span> 
     </span>
    </p>
   </div>
   <div class='ocr_carea' id='block_1_7' title="bbox 371 3003 2471 3557">
    <p class='ocr_par' dir='ltr' id='par_1_8' title="bbox 518 3003 1383 3047">
     <span class='ocr_line' id='line_1_28' title="bbox 518 3003 1383 3047; baseline 0.001 -2"><span class='ocrx_word' id='word_1_228' title='bbox 518 3003 556 3027; x_wconf 81' lang='lat'>2⁵</span> <span class='ocrx_word' id='word_1_229' title='bbox 585 3006 855 3046; x_wconf 85' lang='lat' dir='ltr'>numeralem</span> <span class='ocrx_word' id='word_1_230' title='bbox 871 3007 1003 3046; x_wconf 82' lang='lat' dir='ltr'>ABD</span> <span class='ocrx_word' id='word_1_231' title='bbox 1061 3006 1331 3047; x_wconf 87' lang='lat' dir='ltr'>materialem</span> <span class='ocrx_word' id='word_1_232' title='bbox 1350 3008 1383 3046; x_wconf 83' lang='grc' dir='ltr'><em>Ο</em></span> 
     </span>
    </p>

    <p class='ocr_par' dir='ltr' id='par_1_9' title="bbox 371 3071 2471 3557">
     <span class='ocr_line' id='line_1_29' title="bbox 520 3071 2403 3134; baseline 0.002 -18"><span class='ocrx_word' id='word_1_233' title='bbox 520 3078 645 3117; x_wconf 83' lang='grc' dir='ltr'><em>ΟΑΡ.</em></span> <span class='ocrx_word' id='word_1_234' title='bbox 677 3078 710 3116; x_wconf 92' lang='lat' dir='ltr'><strong><em>I</em></strong></span> <span class='ocrx_word' id='word_1_235' title='bbox 713 3077 761 3117; x_wconf 79' lang='lat' dir='ltr'>V.</span> <span class='ocrx_word' id='word_1_236' title='bbox 843 3075 859 3099; x_wconf 79' lang='lat'>¹</span> <span class='ocrx_word' id='word_1_237' title='bbox 888 3077 1097 3118; x_wconf 87' lang='lat' dir='ltr'>ierarchie</span> <span class='ocrx_word' id='word_1_238' title='bbox 1114 3079 1194 3116; x_wconf 79' lang='lat' dir='ltr'>AC</span> <span class='ocrx_word' id='word_1_239' title='bbox 1267 3077 1492 3132; x_wconf 86' lang='lat' dir='ltr'>gerarchie</span> <span class='ocrx_word' id='word_1_240' title='bbox 1509 3079 1596 3117; x_wconf 89' lang='lat' dir='ltr'>BD</span> <span class='ocrx_word' id='word_1_241' title='bbox 1730 3076 1748 3101; x_wconf 76' lang='lat'>2</span> <span class='ocrx_word' id='word_1_242' title='bbox 1776 3079 2040 3132; x_wconf 89' lang='lat' dir='ltr'>posicionem</span> <span class='ocrx_word' id='word_1_243' title='bbox 2056 3080 2181 3119; x_wconf 75' lang='lat' dir='ltr'>ABG</span> <span class='ocrx_word' id='word_1_244' title='bbox 2215 3071 2223 3079; x_wconf 60' lang='lat'><strong>⁶</strong></span> <span class='ocrx_word' id='word_1_245' title='bbox 2253 3084 2403 3134; x_wconf 88' lang='lat' dir='ltr'>poten-</span> 
     </span>
     <span class='ocr_line' id='line_1_30' title="bbox 405 3145 2400 3206; baseline 0.003 -18"><span class='ocrx_word' id='word_1_246' title='bbox 405 3148 516 3188; x_wconf 87' lang='lat' dir='ltr'>ciam</span> <span class='ocrx_word' id='word_1_247' title='bbox 531 3149 576 3188; x_wconf 88' lang='lat' dir='ltr'><em>D</em></span> <span class='ocrx_word' id='word_1_248' title='bbox 705 3145 724 3170; x_wconf 77' lang='lat'><strong><em>3</em></strong></span> <span class='ocrx_word' id='word_1_249' title='bbox 753 3148 1022 3189; x_wconf 86' lang='lat' dir='ltr'>constituunt</span> <span class='ocrx_word' id='word_1_250' title='bbox 1037 3150 1159 3188; x_wconf 80' lang='lat' dir='ltr'>ABG</span> <span class='ocrx_word' id='word_1_251' title='bbox 1228 3150 1468 3189; x_wconf 85' lang='lat' dir='ltr'>consistunt</span> <span class='ocrx_word' id='word_1_252' title='bbox 1482 3151 1526 3188; x_wconf 92' lang='lat' dir='ltr'><em>D</em></span> <span class='ocrx_word' id='word_1_253' title='bbox 1649 3146 1667 3171; x_wconf 69' lang='lat'><strong><em>4</em></strong></span> <span class='ocrx_word' id='word_1_254' title='bbox 1696 3162 1827 3203; x_wconf 89' lang='lat' dir='ltr'>quan.</span> <span class='ocrx_word' id='word_1_255' title='bbox 1860 3155 1904 3191; x_wconf 91' lang='lat' dir='ltr'>et</span> <span class='ocrx_word' id='word_1_256' title='bbox 1932 3165 1974 3204; x_wconf 93' lang='lat' dir='ltr'>p.</span> <span class='ocrx_word' id='word_1_257' title='bbox 2006 3151 2123 3204; x_wconf 86' lang='lat' dir='ltr'>qual.</span> <span class='ocrx_word' id='word_1_258' title='bbox 2139 3153 2228 3191; x_wconf 77' lang='lat' dir='ltr'>AB</span> <span class='ocrx_word' id='word_1_259' title='bbox 2285 3152 2400 3206; x_wconf 76' lang='lat' dir='ltr'>qual.</span> 
     </span>
     <span class='ocr_line' id='line_1_31' title="bbox 406 3221 2404 3276; baseline 0.002 -16"><span class='ocrx_word' id='word_1_260' title='bbox 406 3224 450 3260; x_wconf 87' lang='lat' dir='ltr'>et</span> <span class='ocrx_word' id='word_1_261' title='bbox 477 3234 518 3273; x_wconf 90' lang='lat' dir='ltr'>p.</span> <span class='ocrx_word' id='word_1_262' title='bbox 550 3232 680 3273; x_wconf 83' lang='lat' dir='ltr'>quan.</span> <span class='ocrx_word' id='word_1_263' title='bbox 700 3221 775 3259; x_wconf 84' lang='lat' dir='ltr'>OD</span> <span class='ocrx_word' id='word_1_264' title='bbox 832 3222 875 3259; x_wconf 79' lang='lat' dir='ltr'>in</span> <span class='ocrx_word' id='word_1_265' title='bbox 896 3222 937 3258; x_wconf 84' lang='grc' dir='ltr'><em>Α</em></span> <span class='ocrx_word' id='word_1_266' title='bbox 968 3221 1004 3260; x_wconf 74' lang='lat' dir='ltr'>is</span> <span class='ocrx_word' id='word_1_267' title='bbox 1034 3221 1132 3260; x_wconf 82' lang='lat' dir='ltr'>add.</span> <span class='ocrx_word' id='word_1_268' title='bbox 1162 3222 1206 3260; x_wconf 78' lang='lat' dir='ltr'>in</span> <span class='ocrx_word' id='word_1_269' title='bbox 1224 3235 1349 3260; x_wconf 75' lang='lat' dir='ltr'>maa-..-</span> <span class='ocrx_word' id='word_1_270' title='bbox 1379 3222 1486 3261; x_wconf 85' lang='lat' dir='ltr'>Pars</span> <span class='ocrx_word' id='word_1_271' title='bbox 1517 3221 1704 3274; x_wconf 86' lang='lat' dir='ltr'>corporis</span> <span class='ocrx_word' id='word_1_272' title='bbox 1735 3227 1800 3262; x_wconf 89' lang='lat' dir='ltr'>est</span> <span class='ocrx_word' id='word_1_273' title='bbox 1829 3222 2004 3276; x_wconf 84' lang='lat' dir='ltr'>duplex,</span> <span class='ocrx_word' id='word_1_274' title='bbox 2037 3223 2330 3276; x_wconf 87' lang='lat' dir='ltr'>quantitativa</span> <span class='ocrx_word' id='word_1_275' title='bbox 2358 3229 2404 3265; x_wconf 84' lang='lat' dir='ltr'>et</span> 
     </span>
     <span class='ocr_line' id='line_1_32' title="bbox 404 3289 2471 3349; baseline 0.003 -19"><span class='ocrx_word' id='word_1_276' title='bbox 404 3291 664 3344; x_wconf 88' lang='lat' dir='ltr'>qualitativa</span> <span class='ocrx_word' id='word_1_277' title='bbox 680 3289 741 3330; x_wconf 55' lang='grc' dir='ltr'>Αἵ</span> <span class='ocrx_word' id='word_1_278' title='bbox 856 3289 875 3313; x_wconf 82' lang='grc'><strong><em>5</em></strong></span> <span class='ocrx_word' id='word_1_279' title='bbox 904 3291 1119 3345; x_wconf 88' lang='lat' dir='ltr'>quomodo</span> <span class='ocrx_word' id='word_1_280' title='bbox 1136 3290 1264 3338; x_wconf 82' lang='lat' dir='ltr'>B,C¹,</span> <span class='ocrx_word' id='word_1_281' title='bbox 1302 3293 1346 3331; x_wconf 81' lang='lat' dir='ltr'>in</span> <span class='ocrx_word' id='word_1_282' title='bbox 1368 3292 1402 3330; x_wconf 84' lang='lat' dir='ltr'><em>C</em></span> <span class='ocrx_word' id='word_1_283' title='bbox 1427 3294 1493 3332; x_wconf 72' lang='lat' dir='ltr'>the</span> <span class='ocrx_word' id='word_1_284' title='bbox 1521 3292 1652 3332; x_wconf 69' lang='lat' dir='ltr'>scribe</span> <span class='ocrx_word' id='word_1_285' title='bbox 1681 3292 1763 3344; x_wconf 76' lang='lat' dir='ltr'>left</span> <span class='ocrx_word' id='word_1_286' title='bbox 1789 3307 1817 3332; x_wconf 84' lang='lat' dir='ltr'>a</span> <span class='ocrx_word' id='word_1_287' title='bbox 1846 3294 1972 3333; x_wconf 81' lang='lat' dir='ltr'>blank</span> <span class='ocrx_word' id='word_1_288' title='bbox 2000 3308 2135 3346; x_wconf 71' lang='lat' dir='ltr'>space,</span> <span class='ocrx_word' id='word_1_289' title='bbox 2163 3295 2208 3334; x_wconf 72' lang='lat' dir='ltr'>im</span> <span class='ocrx_word' id='word_1_290' title='bbox 2235 3296 2272 3335; x_wconf 74' lang='lat' dir='ltr'>it</span> <span class='ocrx_word' id='word_1_291' title='bbox 2299 3308 2401 3349; x_wconf 88' lang='lat' dir='ltr'>quo·</span> <span class='ocrx_word' id='word_1_292' title='bbox 2467 3343 2471 3348; x_wconf 87' lang='lat'><em>.</em></span> 
     </span>
     <span class='ocr_line' id='line_1_33' title="bbox 404 3361 2403 3419; baseline 0.003 -18"><span class='ocrx_word' id='word_1_293' title='bbox 404 3362 531 3402; x_wconf 89' lang='lat' dir='ltr'>modo</span> <span class='ocrx_word' id='word_1_294' title='bbox 561 3377 645 3402; x_wconf 76' lang='lat' dir='ltr'>was</span> <span class='ocrx_word' id='word_1_295' title='bbox 673 3364 852 3402; x_wconf 74' lang='lat' dir='ltr'>inserted</span> <span class='ocrx_word' id='word_1_296' title='bbox 881 3364 930 3416; x_wconf 81' lang='lat' dir='ltr'>by</span> <span class='ocrx_word' id='word_1_297' title='bbox 953 3361 1020 3409; x_wconf 80' lang='lat'>0¹,</span> <span class='ocrx_word' id='word_1_298' title='bbox 1051 3364 1122 3403; x_wconf 73' lang='lat' dir='ltr'>but</span> <span class='ocrx_word' id='word_1_299' title='bbox 1149 3365 1215 3403; x_wconf 75' lang='lat' dir='ltr'>the</span> <span class='ocrx_word' id='word_1_300' title='bbox 1243 3364 1369 3402; x_wconf 69' lang='lat' dir='ltr'>blasnk</span> <span class='ocrx_word' id='word_1_301' title='bbox 1397 3378 1482 3403; x_wconf 74' lang='lat' dir='ltr'>was</span> <span class='ocrx_word' id='word_1_302' title='bbox 1509 3368 1583 3403; x_wconf 78' lang='lat' dir='ltr'>not</span> <span class='ocrx_word' id='word_1_303' title='bbox 1601 3364 1722 3419; x_wconf 80' lang='lat' dir='ltr'>filled</span> <span class='ocrx_word' id='word_1_304' title='bbox 1751 3364 1800 3417; x_wconf 77' lang='lat' dir='ltr'>by</span> <span class='ocrx_word' id='word_1_305' title='bbox 1819 3366 1866 3411; x_wconf 72' lang='lat' dir='ltr'>it,</span> <span class='ocrx_word' id='word_1_306' title='bbox 1895 3378 1940 3404; x_wconf 81' lang='lat'>80</span> <span class='ocrx_word' id='word_1_307' title='bbox 1970 3366 2063 3405; x_wconf 75' lang='lat' dir='ltr'>that</span> <span class='ocrx_word' id='word_1_308' title='bbox 2081 3367 2194 3405; x_wconf 69' lang='lat' dir='ltr'>there</span> <span class='ocrx_word' id='word_1_309' title='bbox 2221 3367 2260 3407; x_wconf 71' lang='lat' dir='ltr'>ie</span> <span class='ocrx_word' id='word_1_310' title='bbox 2288 3367 2403 3419; x_wconf 70' lang='lat' dir='ltr'>after</span> 
     </span>
     <span class='ocr_line' id='line_1_34' title="bbox 404 3432 2402 3489; baseline 0.003 -16"><span class='ocrx_word' id='word_1_311' title='bbox 404 3434 591 3487; x_wconf 88' lang='lat' dir='ltr'>corporis</span> <span class='ocrx_word' id='word_1_312' title='bbox 621 3448 649 3472; x_wconf 83' lang='lat' dir='ltr'>a</span> <span class='ocrx_word' id='word_1_313' title='bbox 678 3434 829 3473; x_wconf 75' lang='lat' dir='ltr'>lacuna</span> <span class='ocrx_word' id='word_1_314' title='bbox 888 3447 1019 3487; x_wconf 87' lang='lat' dir='ltr'>quam</span> <span class='ocrx_word' id='word_1_315' title='bbox 1037 3436 1122 3474; x_wconf 82' lang='lat' dir='ltr'>AD</span> <span class='ocrx_word' id='word_1_316' title='bbox 1239 3432 1256 3457; x_wconf 83' lang='lat'><strong><em>⁶</em></strong></span> <span class='ocrx_word' id='word_1_317' title='bbox 1285 3439 1370 3475; x_wconf 89' lang='lat' dir='ltr'>stat</span> <span class='ocrx_word' id='word_1_318' title='bbox 1386 3436 1507 3475; x_wconf 74' lang='grc' dir='ltr'>ΑΘΒ</span> <span class='ocrx_word' id='word_1_319' title='bbox 1579 3436 1807 3475; x_wconf 88' lang='lat' dir='ltr'>constatB</span> <span class='ocrx_word' id='word_1_320' title='bbox 1936 3433 1953 3458; x_wconf 82' lang='lat'><strong><em>⁷</em></strong></span> <span class='ocrx_word' id='word_1_321' title='bbox 1982 3436 2222 3489; x_wconf 86' lang='lat' dir='ltr'>loquuntur</span> <span class='ocrx_word' id='word_1_322' title='bbox 2235 3439 2402 3479; x_wconf 73' lang='lat' dir='ltr'><strong><em>ABOD</em></strong></span> 
     </span>
     <span class='ocr_line' id='line_1_35' title="bbox 371 3505 845 3557; baseline 0.002 -14"><span class='ocrx_word' id='word_1_323' title='bbox 371 3515 380 3518; x_wconf 88' lang='lat'>·</span> <span class='ocrx_word' id='word_1_324' title='bbox 461 3505 694 3557; x_wconf 87' lang='lat' dir='ltr'>loquentur</span> <span class='ocrx_word' id='word_1_325' title='bbox 709 3506 783 3555; x_wconf 85' lang='lat'>(?)</span> <span class='ocrx_word' id='word_1_326' title='bbox 800 3507 845 3544; x_wconf 85' lang='lat' dir='ltr'><em>E</em></span> 
     </span>
    </p>
   </div>
  </div>
 </body>
</html>
