2528 4074
343 380 444 427 800

1077 374 1373 414 GENERAL
1404 374 1622 414 INDEX.

340 518 530 558 Peccata
546 529 573 557 a
589 516 725 558 Cristo
742 516 1061 558 declinancium
1077 520 1178 556 sunt
1193 529 1306 556 com·
1348 530 1351 554 ι
1394 515 1657 557 Perduracio
1687 521 1900 557 sectarum
1934 518 2029 559 174.

398 574 518 628 pleta
547 575 644 615 395.

344 653 394 660 —-
427 630 578 671 mundi
606 630 733 672 homo
763 644 851 671 non
879 631 994 672 tollit
1024 631 1118 671 165.

343 710 395 717 -
425 688 576 742 populi
605 701 691 729 non
721 687 928 742 lugentur
957 701 984 728 a
1012 687 1139 728 sectis
1172 689 1240 728 43.

345 768 397 774 —-
428 758 516 786 non
546 745 755 786 debemus
782 757 946 800 negare
984 746 1077 786 124.

342 825 397 832 —
426 802 577 843 fovent
606 807 650 843 et
679 802 824 843 celant
852 803 1007 843 fratres
1038 803 1104 842 71.

344 882 395 889 —
427 858 769 913 multiplicantur
787 859 1216 913 proporcionabiliter
1234 871 1307 912 pe-

398 928 552 956 narum
583 916 679 956 331.

344 996 396 1002 —
426 973 631 1027 Angliam
661 973 922 1013 conturbant
954 973 1048 1013 168.

344 1035 568 1070 —atorum
597 1029 841 1083 increpacio
872 1030 939 1070 77.

343 1110 395 1115 —
427 1086 644 1139 correpcio
676 1086 833 1127 omissa
861 1098 888 1126 a
917 1086 1119 1128 fratribus
1150 1087 1218 1127 48.

342 1166 394 1172 -
426 1143 638 1184 confessio
669 1143 725 1183 ad
755 1143 886 1184 deum
916 1143 1057 1184 salvat
1087 1144 1183 1184 509.

341 1200 480 1240 ·—atis
519 1200 766 1241 carnalibus
795 1201 1059 1241 inclinantur
1087 1205 1205 1241 secte
1237 1202 1303 1242 36.

341 1257 534 1298 Pecunia
562 1257 608 1297 in
638 1258 871 1298 corbanam
901 1258 1194 1299 thesaurizata
1223 1258 1305 1298 fra-

396 1319 511 1355 trum
540 1316 609 1356 40.

342 1395 394 1401 --
424 1371 672 1413 intercurrit
700 1372 747 1413 in
776 1372 1104 1426 dispensacione
1138 1373 1231 1413 166.

343 1452 396 1458 —
427 1441 590 1483 magna
625 1443 702 1482 pro
739 1429 1016 1471 anticristivis
1045 1429 1306 1470 immolacio—

395 1487 524 1527 nibus
554 1485 765 1527 exhausta
795 1487 892 1527 244.

340 1565 394 1572 —
425 1543 690 1595 abscondita,
723 1543 875 1584 domus
906 1548 950 1584 et
978 1544 1076 1584 libri
1105 1545 1173 1585 42.

339 1601 463 1641 Pena
483 1600 538 1641 ad
557 1600 765 1641 honorem
786 1601 857 1641 dei
875 1601 1103 1641 inferenda
1123 1606 1189 1642 est
1208 1602 1304 1642 336.

341 1680 393 1686 —
414 1658 664 1711 temporalis
682 1670 762 1711 per
780 1658 1136 1711 participanciam
1152 1659 1307 1699 cedere

395 1719 539 1768 potest
577 1714 634 1754 ad
663 1715 866 1755 meritum
895 1715 1179 1769 predestinati
1208 1717 1304 1757 331.

340 1794 394 1801 —
416 1771 613 1812 defectus
634 1772 823 1813 caritatis
842 1773 1028 1826 proximi
1049 1777 1093 1814 et
1112 1773 1183 1813 dei
1202 1775 1304 1826 1183

340 1909 394 1915 —
435 1898 610 1927 suarum
644 1887 840 1940 parcium
877 1887 1101 1941 dampnati
1135 1888 1305 1941 partici-

395 1948 503 1997 pant
533 1944 629 1985 326.

341 2014 453 2042 —ne
483 2001 633 2041 acucio
662 2005 760 2055 post
787 2005 971 2042 mortem
1000 2002 1097 2043 247.

340 2081 395 2086 -
416 2058 660 2112 corporales
678 2072 767 2099 non
788 2059 982 2100 cruciant
1001 2060 1191 2100 animam
1208 2061 1303 2101 148.

340 2115 395 2155 ad
428 2128 585 2156 —›-nam
607 2115 784 2168 dyaboli
803 2115 882 2156 filii
896 2121 998 2157 sunt
1015 2118 1191 2170 presciti
1207 2118 1302 2159 225.

341 2195 393 2201 -
425 2173 634 2214 acriorem
663 2173 863 2228 discipuli
891 2174 1103 2215 anticristi
1128 2175 1307 2230 obligati

342 2287 463 2327 —nis
493 2288 793 2329 communibus
813 2288 954 2330 viator
971 2289 1192 2331 humiliter
1209 2303 1307 2344 par-

401 2345 605 2398 ticipatur
635 2346 732 2386 331.

342 2425 395 2431 —-
425 2403 647 2456 perpetuis
667 2403 928 2457 participant
946 2405 1123 2458 presciti
1141 2405 1187 2445 in
1205 2417 1305 2459 pec-

399 2460 505 2500 catis
536 2460 632 2500 329.

339 2516 385 2556 ιιι
415 2539 468 2546 --
499 2518 809 2570 temporalibus
839 2519 1122 2560 consenciunt
1154 2519 1306 2574 prede-

397 2574 546 2614 stinati
575 2576 670 2615 330.

340 2632 580 2671 Penetrant
609 2631 756 2673 domos
785 2632 1016 2673 viduarum
1045 2638 1162 2675 secte
1192 2635 1261 2676 44.

341 2688 575 2729 Penitebat
602 2689 758 2730 Petrus
786 2694 884 2743 post
912 2691 1063 2744 culpas
1092 2693 1189 2733 670.

341 2746 598 2786 Penitencia
627 2752 874 2787 sanctorum
905 2749 1000 2788 516.

346 2825 396 2831 -
414 2803 646 2856 corporalis
662 2804 855 2844 consistit
868 2804 914 2844 in
928 2805 1091 2846 ieiunio
1109 2810 1190 2847 etc.
1208 2807 1304 2847 512.

343 2883 396 2888 —
428 2860 590 2914 duplex
620 2865 686 2901 est
713 2861 759 2902 in
787 2861 961 2903 homine
992 2862 1189 2915 discreto,
1225 2863 1306 2918 spi-

398 2918 565 2958 ritualis
596 2923 640 2958 et
669 2919 901 2972 corporalis
930 2920 1026 2960 512.

343 2997 395 3003 —
428 2975 662 3028 spiritualis
698 2976 893 3017 consistit
926 2976 973 3016 in
1011 2977 1109 3018 odio
1138 2979 1307 3031 peccati

342 3089 465 3130 —cie
495 3090 754 3130 sacramenti
783 3090 1024 3132 destruccio
1055 3092 1152 3133 622.

340 3147 498 3187 Peram
525 3146 688 3188 habere
717 3147 763 3187 in
790 3160 977 3201 persona
1005 3149 1179 3203 propria
1208 3152 1305 3191 369.

343 3204 559 3257 Percipiet
587 3204 713 3245 homo
744 3217 772 3245 a
801 3205 883 3246 deo
906 3206 1146 3247 secundum
1167 3207 1305 3262 digni-

398 3265 534 3301 tatem
564 3262 661 3302 344.

342 3318 532 3359 Perdere
566 3319 813 3360 libertatem
845 3325 1075 3373 peccatum
1105 3325 1171 3362 est
1208 3322 1302 3362 185.

342 3375 540 3416 Perdicio
577 3380 730 3417 eterna
757 3382 974 3418 sectarum
1003 3377 1206 3419 dormitat
1235 3380 1303 3419 33.

343 3432 648 3474 Perdurabunt
675 3438 793 3474 secte
821 3434 868 3474 in
895 3435 980 3475 ista
1007 3435 1161 3487 heresi,
1191 3440 1240 3476 ut
1258 3436 1304 3476 in

402 3489 590 3531 dominio
619 3491 856 3544 puniantur
883 3492 980 3533 282.

1348 556 1351 650 ξ
1395 572 1701 627 Peregrinacio
1733 574 1959 614 citatorum
1990 575 2086 615 551.

1349 615 1617 671 'Perfeccio
1646 630 1867 685 religionis
1897 635 2112 672 sectarum
2142 633 2210 674 34.

1396 709 1449 715 ——
1480 691 1618 727 status
1647 687 1827 728 fratrum
1858 689 1926 729 66.

1395 765 1448 772 —
1480 744 1635 784 ultima
1662 745 1956 786 universitatis
1985 750 2132 786 create
2154 742 2230 788 36.

1396 822 1449 829 --
1479 801 1696 842 mendacii
1726 804 1793 843 66.

1396 857 1586 898 -cionis
1615 871 1755 912 genus
1773 859 1819 899 in
1837 860 2033 932 personis
2052 865 2268 901 sectarum
2286 859 2362 902 ho·
2404 853 2405 859 ’
2452 886 2465 899 η,

1451 927 1654 955 noramus
1693 917 1788 956 180.

1397 971 1451 1011 de
1483 971 1665 1012 —cione
1695 977 1887 1013 statuum
1917 975 1985 1015 98.

1395 1028 1598 1068 —ciones
1627 1033 1820 1069 statuum
1848 1031 1946 1071 451.
2465 1042 2467 1046 ’

1393 1085 1638 1126 Perfeccior
1666 1090 1732 1127 est
1759 1091 1897 1127 status
1925 1087 2107 1129 fratrum
2124 1092 2242 1130 statu
2259 1100 2362 1142 apo·
2468 1110 2469 1113 ¹

1453 1142 1603 1183 stolico
1633 1147 1683 1183 ut
1712 1143 1862 1183 dicunt
1892 1145 1960 1185 66.

1395 1222 1448 1228 —
1480 1204 1617 1240 status
1646 1200 1869 1254 religionis
1898 1201 2069 1254 private
2105 1202 2202 1244 514.

1393 1257 1691 1297 Perfectorum
1720 1257 1873 1312 religio
1903 1258 2143 1300 communis
2172 1259 2268 1302 516.

1395 1319 1498 1354 —ta
1528 1327 1661 1367 opera
1691 1314 1819 1355 Cristi
1849 1316 1916 1356 89.

1393 1370 1568 1412 Perfida
1597 1372 1779 1412 fratrum
1809 1385 1918 1426 gens
1949 1373 2017 1414 79.

1393 1428 1584 1469 Perfidia
1614 1429 1828 1483 dogmatis
1858 1429 2070 1471 anticristi
2097 1430 2195 1471 398.

1392 1485 1570 1526 —diam
1589 1492 1740 1527 contra
1756 1486 1942 1527 Cristum
1961 1486 2173 1528 anticristi
2189 1486 2364 1529 fallacie
2412 1482 2421 1495 ’

1450 1543 1664 1584 inducunt
1693 1544 1790 1585 251.
2416 1586 2417 1591 ,

1393 1601 1645 1641 Periculosa
1687 1605 1884 1655 tempora
1925 1599 2038 1642 fiunt
2079 1613 2160 1655 per
2189 1605 2362 1656 *pertur-
2412 1614 2429 1637 ³

1450 1659 1605 1699 bantes
1634 1670 1788 1712 pacem
1820 1659 1887 1699 38.

1396 1715 1620 1756 —sissima
1651 1721 1717 1756 est
1745 1715 1910 1756 heresis
1939 1715 2008 1757 52.

1393 1772 1642 1813 Periculum
1672 1785 1939 1814 concernens
1967 1785 2128 1827 papam
2160 1773 2255 1816 171.
2418 1819 2420 1822 ,

1395 1852 1449 1858 -
1478 1830 1703 1884 temporis,
1738 1831 1790 1886 in*
1815 1843 1901 1883 quo
1932 1830 2180 1872 anticristus
2207 1843 2363 1886 regna·

1451 1888 1527 1938 bit,
1561 1888 1643 1928 erit
1672 1900 1882 1942 magnum
1902 1888 2000 1930 397.

1395 1967 1446 1974 -
1478 1944 1702 1985 hominum
1729 1945 1996 1996 interiorum,
2027 1945 2104 1999 qui
2121 1945 2374 2000 perduntur·
2418 1946 2421 1947 ⁷

1451 2002 1507 2042 ad
1535 2006 1761 2054 tartarum,
1793 2007 1859 2043 est
1886 2002 2125 2044 maximum
2156 2004 2253 2045 398.

1395 2081 1443 2088 —-
1470 2060 1708 2100 maximum
1727 2059 1929 2100 fidelibus
1945 2061 2363 2116 ewangelizantibus
2418 2066 2430 2074 ''

1450 2118 1548 2158 461.

1394 2197 1447 2203 -
1510 2174 1554 2214 ιιι
1602 2174 1722 2215 falsis
1771 2174 1975 2215 fratribus
2025 2174 2268 2218 adhibitum
2314 2177 2361 2218 in
2403 2204 2406 2207 ι

1451 2237 1591 2272 sectas
1621 2232 1689 2273 37.
2426 2263 2427 2266 =

1394 2289 1494 2329 ——la
1507 2289 1786 2342 precavenda
1799 2289 1990 2331 tenendo
2004 2289 2136 2332 fidem
2150 2253 2364 2346 scripture
2408 2295 2420 2326 '-

1393 2403 1502 2444 —lis
1530 2409 1644 2444 terre
1675 2407 1720 2444 et
1748 2404 1878 2444 maris
1907 2404 2053 2445 clerici
2071 2417 2119 2446 se
2135 2409 2363 2460 exponunt
2411 2445 2415 2449 .

1392 2518 1604 2559 Periodus
1632 2518 1871 2573 purgatorii
1907 2519 2087 2560 alterius
2119 2519 2272 2560 mundi
2294 2525 2364 2562 est
2426 2571 2427 2574 Ἴ

1450 2575 1654 2630 periodus
1682 2588 1842 2631 magne
1871 2577 2006 2630 partis
2031 2577 2190 2632 integri
2219 2589 2384 2619 sacras

1450 2633 1588 2674 menti
1618 2634 1714 2675 510.
2412 2647 2414 2666 2

1392 2691 1682 2744 Peripsimata
1695 2695 1954 2744 permanent
1966 2690 2013 2731 in
2026 2690 2243 2745 parochiis
2260 2692 2356 2734 133.
2412 2692 2417 2698 ’“

1392 2748 1650 2789 Permittere
1681 2748 1883 2801 antiquos
1911 2760 2138 2802 perversos
2160 2752 2206 2790 et
2222 2748 2361 2790 incor-
2413 2771 2416 2774 ⁴

1451 2810 1592 2846 rectos
1621 2805 1897 2859 presbyteros
1927 2806 2024 2847 394.
2416 2808 2417 2811 ’

1391 2863 1771 2903 Pernecessarium
1820 2867 1904 2913 est,
1955 2867 2119 2904 sectam
2162 2861 2291 2904 cristi
2332 2874 2362 2904 a
2415 2903 2417 2906 ,

1448 2918 1573 2961 viciis
1603 2932 1847 2974 expurgare
1877 2920 1974 2961 275.

1358 3013 1360 3016 ,
1391 2978 1613 3031 Perpetua
1646 2977 1865 3031 sponsalia
1899 2977 2046 3018 divine
2074 2981 2232 3018 nature
2262 2977 2360 3020 163.
2408 2950 2426 2978 ¹.

1392 3040 1524 3075 —tuo
1543 3035 1750 3089 punietur
1763 3040 1967 3089 peccator
1983 3034 2031 3074 in
2043 3035 2243 3089 spiritum
2261 3046 2416 3094 san-1

1449 3096 1567 3133 ctum
1588 3094 1685 3133 329.
2413 3103 2420 3110 ¹

1393 3173 1446 3179 -
1469 3150 1725 3190 observatur
1743 3149 1968 3190 sentencia
1987 3149 2138 3190 divina
2167 3126 2264 3190 270.
2412 3183 2414 3185 ,

1391 3207 1706 3260 Perpetuacio‘
1695 3206 1852 3247 miurie
1868 3206 2052 3247 ecclesie
2061 3205 2359 3260 appropriacio
2406 3223 2408 3226 >

1450 3264 1730 3305 ecclesiarum
1762 3264 1858 3305 132.

1390 3321 1676 3375 Perpetuales
1706 3321 1942 3362 elemosine
1975 3321 2070 3361 149.

1390 3379 1658 3432 Perpetuare
1687 3391 1815 3419 suum
1844 3377 2040 3419 ordinem
2059 3377 2260 3431 Baptista
2282 3389 2366 3417 no-

1447 3436 1529 3476 luit
1558 3437 1654 3477 300.

1358 3520 1367 3524 -
1389 3493 1665 3547 Perpetuitas
1693 3492 1890 3534 defectus
1921 3493 2017 3535 198.
