2528 4074
919 366 1222 407 GENERAL
1257 365 1477 406 INDEX.
2108 367 2212 414 837

160 514 297 555 Verbi
327 513 400 554 dei
430 513 700 555 adulteracio
730 525 811 568 per
839 516 982 553 sectas
1014 513 1082 554 68.

164 595 218 602 —-
251 572 324 613 dei
352 572 578 627 sapiencia
605 570 891 613 mobilissima
923 571 1019 612 166.

161 632 275 672 —bo
301 630 374 672 dei
398 629 836 686 correspondenciam
851 628 987 670 habet
1002 628 1143 670 affini-

224 694 293 731 tas
331 690 427 731 165.

167 749 282 789 —ba
312 747 460 789 omnia
489 747 619 789 Cristi
647 750 752 788 sunt
779 745 978 787 notanda
1008 746 1107 787 624.

163 805 475 848 -doctorum
504 805 728 847 credenda
764 804 819 846 de
849 809 1017 860 quanto
1047 804 1145 845 fun-

220 865 326 906 data
352 864 400 905 in
428 865 644 919 scriptura
673 867 720 906 et
746 863 926 905 racione
959 864 1056 905 148.

165 947 218 953 -
250 923 306 965 de
335 923 589 978 purgatorio
608 923 703 965 sine
723 922 991 964 fundacione
1012 922 1144 977 scrip-

220 987 318 1024 ture
352 982 448 1023 146.

163 1064 218 1070 -
250 1040 305 1082 de
324 1040 578 1096 purgatorio
601 1040 794 1095 spoliant
812 1039 1014 1082 homines
1046 1040 1142 1081 146.

162 1121 216 1128 -
247 1098 440 1141 terrifica
470 1099 526 1141 de
555 1099 810 1155 purgatorio
843 1099 941 1140 146.

162 1182 217 1187 —
249 1157 305 1199 de
333 1158 591 1213 purgatorio
619 1157 917 1200 infundabilia
948 1158 1045 1199 146.

162 1240 216 1246 -—-
250 1216 377 1258 Cristi
408 1217 523 1259 falsa
551 1216 798 1259 secundum
826 1216 984 1258 fratres
1014 1218 1084 1258 69.

164 1298 218 1305 -
251 1276 583 1330 exprobratoria
612 1275 893 1331 applicantur
921 1275 1053 1317 sectis
1075 1276 1143 1317 70.

164 1355 218 1363 --
252 1333 325 1375 dei
355 1334 644 1389 sophisticant
673 1336 742 1377 56.

160 1416 221 1423 —
250 1392 502 1435 adulterina
530 1397 752 1435 sectarum
781 1394 852 1435 40.

105 1479 107 1481 -
162 1452 376 1493 —borum
414 1452 522 1494 folia
557 1452 642 1494 sibi
675 1456 954 1494 revertenter
988 1464 1146 1507 repen-

219 1510 332 1552 dunt
363 1511 459 1553 162.

69 1619 80 1622 ,⁷
161 1592 218 1598 —
249 1570 547 1625 apostolorum
578 1569 779 1612 efficacia
813 1572 882 1612 68.

162 1628 286 1670 —bis
310 1627 476 1670 domini
491 1629 617 1684 glosa
631 1642 826 1671 consona
841 1629 1019 1671 additur
1049 1630 1145 1670 182.

162 1710 218 1717 —
249 1687 415 1728 domini
441 1688 709 1734 contrarium
729 1701 926 1731 asserere
945 1688 1147 1744 blasphe-

220 1760 342 1787 mum
372 1751 439 1788 est
471 1747 567 1788 182.

160 1805 444 1846 Verecundia
471 1810 693 1847 sectarum
724 1807 793 1849 67.

160 1863 338 1905 Veritas
369 1869 436 1906 est
467 1863 634 1906 01151115
664 1866 764 1908 353.

163 1945 217 1951 —-
247 1922 360 1978 legis
390 1923 464 1965 dei
492 1924 649 1978 patula
678 1928 746 1966 est
781 1925 879 1968 354.

161 2004 218 2011 —
248 1981 392 2035 prima
422 1981 589 2024 01151115
620 1983 719 2026 349.

163 2062 217 2069 -
248 2040 558 2083 immencibilis
587 2041 869 2084 fundamenti
899 2044 968 2084 99.

164 2122 219 2128 -—
251 2103 297 2141 et
326 2100 487 2142 caritas
518 2100 686 2143 Cristus
716 2106 784 2144 est
815 2103 912 2144 169.

163 2181 218 2188 —-
249 2159 342 2200 vite
371 2164 591 2201 sectarum
622 2161 692 2203 45.

164 2242 219 2247 —
248 2217 463 2273 scripture
493 2233 526 2260 s.
559 2220 628 2261 75.

164 2300 220 2306 —
251 2277 392 2319 omnis
419 2278 495 2319 vel
522 2278 665 2332 prima
695 2278 861 2320 Cristus
892 2279 991 2321 349.

164 2359 219 2365 —
256 2335 370 2391 legis
410 2336 483 2378 dei
518 2350 764 2392 numquam
801 2337 1032 2379 obfuscata
1067 2351 1148 2392 per

220 2394 438 2449 sophistas
468 2395 650 2449 dyaboli
679 2397 778 2439 354.

165 2475 218 2484 ——
278 2453 379 2508 plus
436 2455 727 2510 >appreciatur
783 2456 1146 2511 persecucionem

221 2512 369 2554 anime
400 2517 446 2554 et
473 2513 641 2556 malum
668 2527 805 2570 quam
824 2515 1017 2570 corporis
1048 2517 1146 2558 398.

165 2594 219 2601 —
253 2576 300 2613 et
321 2572 466 2614 oracio
486 2574 783 2616 succumbunt
799 2574 1146 2629 participacione

222 2631 533 2686 temporalium
564 2632 664 2674 246.

166 2690 306 2730 —tati
331 2689 563 2732 victoriam
601 2690 708 2733 dare
736 2704 920 2733 necesse
951 2695 1019 2733 est
1048 2692 1146 2734 589.

169 2771 223 2777 —
254 2753 409 2790 auctor
436 2748 662 2792 humiliter
689 2750 910 2791 consentit
939 2751 1008 2792 76.

165 2830 220 2837 —-
252 2807 456 2849 canonici
484 2808 675 2863 appositi
702 2813 806 2850 sunt
835 2810 934 2851 247.

165 2889 220 2895 -
251 2866 453 2908 homines
466 2867 732 2909 naturaliter
744 2868 1035 2910 consenciunt
1049 2870 1147 2912 675.

165 2929 363 2967 -tatem
391 2925 570 2980 pietatis
598 2930 719 2968 secte
746 2931 918 2982 negant
945 2928 1015 2970 43.

166 3007 220 3014 —-—
253 2984 470 3038 dyabolus
499 2985 639 3027 semel
668 2985 775 3028 dicit
799 2990 851 3027 ut
877 2990 978 3041 post
1005 2987 1149 3042 copio-

223 3043 314 3085 sius
343 3043 529 3086 seducat
558 3045 658 3087 700.
1098 3043 1101 3045 ’

166 3125 222 3132 -
254 3102 422 3144 01151115
440 3104 575 3145 variis
604 3103 746 3146 modis
767 3103 941 3146 locutus
961 3109 1029 3147 est
1048 3105 1146 3147 230.

165 3175 244 3216 pro
276 3165 427 3204 —tate
456 3162 676 3204 catholica
703 3167 821 3205 stare
851 3163 950 3205 214.

167 3224 340 3262 —tates
369 3224 583 3264 extranee
613 3235 641 3263 a
668 3222 771 3278 lege
801 3221 971 3264 domini
998 3222 1148 3265 dicun-

224 3283 297 3320 tur
327 3279 425 3322 182.

169 3361 224 3366 -
256 3337 410 3393 generi
438 3337 634 3381 humano
663 3339 946 3382 absconditas
978 3341 1074 3383 177.

170 3419 224 3425 -
264 3400 310 3437 61
353 3396 570 3439 falsitates
613 3396 808 3440 finaliter
840 3399 888 3439 in
925 3399 1026 3442 luce
1063 3400 1150 3442 cla-

226 3459 402 3496 rescant
430 3468 614 3498 necesse
644 3461 712 3498 est
739 3458 839 3499 400.

167 3513 383 3555 Versucia
412 3513 592 3568 dyaboli
620 3520 774 3558 contra
802 3515 956 3560 fideles
975 3530 1033 3559 ne
1053 3531 1150 3574 pre-

226 3572 378 3615 valeat
406 3573 505 3616 374.

1231 511 1444 552 Versucie
1475 510 1689 552 anticristi
1720 511 1819 551 397.

1231 571 1396 612 Versus
1425 569 1734 611 mandatorum
1764 568 1838 608 dei
1868 568 1965 608 117.

1233 653 1287 659 -
1319 628 1375 669 (16
1406 627 1632 669 monachis
1662 627 1761 668 259.

1231 688 1401 729 Verum
1431 687 1577 728 dicere
1612 684 1951 740 presumpcione
1980 683 2218 725 temeraria

1290 750 1524 800 peccatum
1555 748 1623 785 est
1652 745 1751 785 350.

1233 827 1289 834 —-
1319 804 1367 844 in
1396 804 1546 859 aliquo
1578 802 1731 844 dicunt
1760 805 1880 843 secte
1913 800 2011 841 184.

1232 863 1429 904 Vesania
1456 863 1642 903 fratrum
1673 862 1742 903 56.

1232 921 1479 977 Vespilioni
1495 920 1705 975 competit
1720 919 1862 961 invita
1877 916 2099 959 subieccio
2119 917 2215 958 105.

1233 994 1260 1022 a
1276 981 1487 1036 Vestigiis
1496 979 1626 1021 011511
1640 979 1770 1020 11111111
1784 981 1888 1019 511111
1904 976 2102 1031 elongati
2119 977 2215 1017 166.

1232 1040 1513 1081 Vestimenta
1542 1039 1795 1080 communia
1825 1036 1956 1078 011511
1985 1035 2055 1077 27.

1232 1099 1380 1140 Vestis
1409 1110 1635 1154 purpurea
1665 1097 1794 1139 Cristi
1823 1096 1894 1138 27.

1233 1162 1380 1199 -5165
1411 1158 1595 1199 fratrum
1627 1157 1725 1198 367.

1235 1217 1424 1258 —stium
1463 1215 1707 1270 amplitudo
1742 1214 1935 1257 occultat
1965 1212 2219 1268 grossiciem

1290 1276 1459 1317 ventris
1490 1276 1588 1317 535.

1234 1358 1289 1364 -
1320 1334 1515 1376 variacio
1547 1335 1646 1375 455.

1235 1416 1289 1423 -—
1320 1392 1506 1448 nigredo
1537 1392 1645 1447 quid
1675 1394 1913 1433 attestatur
1943 1391 2042 1432 535.

1231 1452 1322 1494 Via
1351 1456 1449 1494 arta
1478 1451 1535 1493 ad
1565 1451 1712 1493 celum
1748 1450 1845 1492 133.

1236 1535 1289 1542 —
1321 1524 1439 1566 pape
1469 1510 1691 1552 contraria
1722 1509 1863 1550 011510
1895 1510 1994 1550 609.

1236 1594 1290 1601 —
1323 1570 1490 1626 duplex
1519 1569 1694 1611 iusticie
1724 1567 1926 1610 veritatis
1959 1567 2055 1608 101.

1234 1630 1389 1672 Viacio
1419 1633 1570 1670 nostra
1601 1633 1668 1670 est
1696 1632 1876 1683 propter
1896 1626 2221 1669 beatitudinem

1293 1688 1611 1744 acquirendam
1642 1688 1741 1729 220.

1234 1749 1370 1790 Viare
1402 1747 1460 1789 ad
1489 1747 1636 1788 celum
1666 1747 1765 1788 276.

1238 1811 1342 1848 —at
1354 1806 1543 1848 ecclesia
1559 1805 1806 1847 secundum
1818 1804 1968 1860 legem
1978 1803 2108 1845 Cristi
2121 1804 2221 1844 257.

1236 1866 1410 1907 —antis
1438 1866 1613 1907 labores
1642 1864 1739 1906 fieri
1766 1864 1933 1905 debent
1960 1863 2008 1904 in
2038 1862 2222 1904 caritate

1237 1988 1422 2026 —antes
1454 1983 1621 2025 debent
1643 1981 1834 2024 Oristum
1865 1981 2033 2035 eligere
2065 1981 2163 2023 555.

1234 2045 1392 2086 Viator
1420 2042 1565 2084 fidelis
1594 2042 1641 2083 in
1661 2054 1815 2097 pugna
1845 2040 2025 2095 dyaboli
2054 2053 2102 2082 se
2131 2054 2223 2081 non

1294 2102 1550 2144 commiscet
1577 2102 1676 2144 466.

1237 2188 1292 2194 —
1324 2162 1465 2203 omnis
1496 2161 1630 2203 debet
1656 2160 1796 2202 semel
1817 2159 1863 2200 in
1884 2172 2001 2200 anno
2023 2157 2221 2200 confiteri

1236 2279 1300 2312 —-'
1322 2293 1413 2321 non
1441 2279 1576 2321 debet
1594 2278 1641 2319 in
1660 2277 1972 2333 speculacione
1993 2277 2223 2331 quiescere

1236 2423 1291 2430 —
1321 2398 1548 2438 humiliter
1574 2396 1866 2452 participatur
1883 2395 2010 2451 penis
2029 2408 2222 2436 commu-

1292 2457 1423 2498 nibus
1454 2457 1553 2498 331.

1235 2541 1291 2547 —
1323 2516 1464 2557 omnis
1495 2519 1563 2556 est
1591 2514 1822 2556 mendicus
1852 2514 1925 2556 dei
1957 2514 2054 2555 187.

1236 2601 1292 2608 -
1323 2575 1400 2616 vix
1427 2573 1592 2616 sufficit
1609 2573 1814 2630 regulam
1835 2572 1965 2615 011511
1984 2573 2222 2615 observare

1237 2718 1292 2725 —
1323 2693 1434 2735 citra
1464 2691 1658 2734 0115111111
1694 2692 1904 2734 continue
1934 2691 2136 2748 cogitans
2166 2691 2222 2733 de

1296 2752 1380 2794 (160
1412 2753 1510 2794 122.

1237 2816 1436 2853 ——torem
1474 2809 1711 2852 difficultat
1749 2809 1950 2852 condicio
1987 2809 2222 2865 culpabilis

1293 2871 1386 2912 vite
1417 2871 1516 2913 501.

1237 2934 1412 2972 —tores
1447 2929 1614 2985 singuli
1646 2928 1935 2970 includuntur
1978 2932 2101 2970 secta
2144 2928 2223 2969 cri-

1293 2989 1441 3030 stiana
1470 2989 1540 3030 21.

1237 3053 1440 3090 -torum
1470 3047 1677 3088 meritum
1707 3061 1786 3101 pro
1816 3046 2041 3101 spiritibus
2074 3046 2170 3088 149.

1235 3107 1440 3150 Vicarius
1462 3105 1594 3147 011511
1612 3106 1791 3160 patulus
1812 3105 1886 3147 dei
1903 3105 2101 3161 proditor
2121 3107 2220 3148 602.

1236 3190 1293 3197 -—
1315 3165 1445 3207 Cristi
1464 3165 1643 3220 qualem
1663 3165 1981 3211 execucionem
2001 3165 2222 3207 dimittere

1294 3224 1458 3266 debeat
1484 3225 1584 3266 466.

1237 3305 1292 3315 --—
1325 3282 1456 3325 Cristi
1484 3283 1698 3325 iudicium
1720 3282 1996 3325 mundanum
2015 3288 2225 3325 renueret

1237 3425 1293 3431 ——
1336 3400 1465 3442 011511
1499 3401 1710 3457 indignus
1747 3400 1806 3442 ad
1841 3401 2057 3443 vicariam
2095 3400 2225 3442 Cristi

1239 3541 1293 3548 —
1326 3518 1457 3560 011511
1485 3517 1720 3560 ecclesiam
1750 3531 1841 3559 non
1871 3531 2056 3563 onerare
2088 3518 2223 3563 debet

1292 3576 1611 3621 tradicionibus
1640 3578 1738 3621 563.
