2528 4074
63 1347 77 1389 Ιῖ
95 1360 122 1386 α
137 1349 210 1389 fol.
229 1349 316 1380 203⁰

338 345 439 394 526
1043 340 1081 379 J
1083 339 1362 395 OHANNIS
1400 341 1634 388 WIOLIF,
2167 339 2282 398 [cap.
2305 345 2340 384 I

336 484 551 549 gelicam
603 482 965 534 observantur?
1039 482 1173 532 Ymo
1226 481 1518 532 substancia
1553 483 1742 548 regule,
1797 500 1893 549 que
1930 485 2191 534 ordinatur
2226 501 2335 536 esse

335 577 595 635 perpetua,
634 585 734 617 non
771 567 1028 617 fundatur.
1857 554 1860 555 ⁷

479 654 650 704 Grave
705 654 907 719 quidem
958 653 1182 712 videtur,
1245 652 1380 718 quod
1432 653 1703 714 cristicole,
1776 653 1957 719 quibus
2008 654 2132 705 deus
2193 655 2335 706 dedit

336 740 691 805 disposiciones
728 746 833 788 tam
872 738 1110 802 dispares,
1151 737 1249 786 sint
1286 737 1421 787 ultra
1457 737 1826 802 obligacionem
1851 738 2004 789 Oristi
2038 746 2145 790 tam
2181 740 2333 792 anxie

336 825 559 889 obligati.
634 824 776 873 Idem
830 824 963 872 enim
1013 823 1215 872 videtur
1266 823 1337 871 sic
1390 822 1615 887 obligare
1668 840 1838 874 servos
1883 825 2073 874 domini
2109 832 2161 876 et
2193 827 2333 876 more
2361 837 2388 877 5

335 911 483 976 primi
536 916 765 974 apostate
816 895 1040 968 innuere,
1095 907 1230 973 quod
1282 907 1571 958 anticristus
1622 907 1812 959 habeat
1857 916 2161 975 potestatem
2197 910 2335 961 ultra

338 995 558 1046 Cristum
611 994 971 1059 disposiciones
1008 993 1189 1043 mentis
1227 989 1504 1042 tribum-01⁸
1543 1000 1593 1043 et
1629 995 2079 1060 correspondenter
2115 995 2183 1046 ad
2217 995 2334 1046 illas

333 1081 636 1147 generaliter
672 1097 830 1130 novas
867 1078 1069 1144 regulas
1106 1078 1347 1128 stabilire.

478 1166 627 1216 Unde
666 1172 716 1215 et
751 1181 870 1231 sepe
907 1164 1064 1228 tetigi,
1101 1163 1155 1212 in
1193 1162 1425 1213 omnibus
1461 1164 1649 1214 talibus
1684 1165 1897 1231 privatis
1934 1164 2194 1215 ordinibus
2217 1178 2334 1217 eva·
2452 1227 2482 1231 ,

333 1258 484 1316 gatur
520 1250 783 1300 consilium
818 1250 1077 1300 anticristi.
1130 1245 1314 1298 Nam²⁹
1338 1249 1649 1299 fratrifactor
1672 1237 1766 1300 vel*
1779 1251 2012 1316 procedit
2033 1251 2332 1318 imperative
2350 1255 2406 1298 10
2452 1267 2477 1321 '⁴⁷3

332 1336 415 1386 vel
467 1336 802 1386 consultative
813 1332 858 1362 ²⁰
903 1335 987 1385 vel
1039 1351 1090 1384 se
1106 1330 1120 1401 Η
1138 1334 1356 1394 ductive,
1411 1335 1529 1401 quia
1565 1335 1694 1385 nulli
1730 1336 1814 1386 vel
1831 1352 1834 1354 ’
1848 1336 2003 1401 pauci
2039 1343 2171 1398 sunt,
2211 1351 2335 1404 quos
2405 1372 2423 1404 3
2469 1334 2472 1339 ’

331 1422 485 1472 fiendi
536 1421 717 1471 fratres
753 1429 951 1486 rogant,
1004 1427 1062 1470 ut
1097 1437 1224 1486 puro
1261 1419 1410 1469 titulo
1449 1421 1720 1470 elemosine
1756 1421 1951 1471 faciant
1983 1421 2100 1472 illos
2134 1422 2331 1472 fratrea.
2362 1458 2378 1476 .
2423 1470 2425 1474 Α
2472 1413 2476 1418 ’

330 1508 558 1557 Primum
598 1514 766 1556 autem
805 1506 1088 1556 membrum
1125 1505 1256 1555 foret
1292 1505 1560 1555 luciferina
1584 1507 1920 1573 presumpciO,
1961 1514 2012 1558 et
2036 1508 2331 1569 secundum,

333 1593 619 1643 coincidens
672 1610 788 1642 cum
838 1593 1011 1652 tercio,
1065 1592 1197 1641 foret
1233 1591 1390 1640 stulta
1427 1598 1478 1640 et
1512 1598 1808 1657 presumpta
1844 1592 2095 1643 seducciO.
2169 1592 2334 1643 Nemo
2421 1636 2427 1640 .
2493 1598 2496 1603 ’

332 1679 465 1728 enim
517 1678 801 1728 consuleret
850 1678 996 1727 fratri
1047 1694 1136 1726 suo
1188 1677 1284 1726 nisi
1322 1677 1389 1726 ad
1423 1672 1621 1736 illud,21
1679 1677 1743 1727 de
1781 1694 1879 1744 quo
1917 1684 1994 1728 est
2029 1683 2197 1728 certus
2233 1678 2332 1744 spi·
2351 1688 2425 1731 15
2492 1719 2493 1723 ,

331 1765 482 1813 ritum
535 1770 764 1812 sanctum
819 1763 1094 1823 consulere,
1150 1763 1237 1812 sed
1282 1762 1454 1812 nullus
1489 1762 1649 1813 frater
1684 1780 1788 1813 non
1822 1763 2095 1828 inspiratus
2132 1763 2201 1813 ad
2235 1763 2333 1814 hoc
2492 1751 2494 1776 ³

332 1850 425 1900 scit
476 1849 706 1915 spiritum
759 1855 990 1898 sanctum
1044 1848 1321 1908 consulere,
1374 1855 1433 1897 ut
1482 1848 1648 1909 homo,
1702 1866 1850 1914 quem
1904 1849 2192 1916 alloquitur,
2243 1847 2355 1916 fiat,
2417 1906 2420 1911 ,
2476 1866 2477 1869 ’

330 1936 501 1985 frater.
584 1934 724 1999 Ergo
775 1951 878 1982 non
929 1933 1082 1983 debet
1132 1934 1202 1983 sic
1262 1934 1398 1983 nude
1408 1929 1455 1959 22
1507 1934 1573 1983 ad
1625 1934 1756 1983 illud
1807 1934 2124 1994 consulere„
2165 1933 2335 1984 Maior

330 2027 474 2087 patet
508 2016 654 2086 per23
691 2020 801 2080 hoc,
841 2019 977 2085 quod
1012 2036 1114 2068 non
1152 2019 1305 2069 debet
1341 2020 1628 2085 specialiter
1661 2020 1715 2069 in
1750 2020 1861 2081 hiis,
1901 2037 1999 2087 que
2023 2027 2334 2087 concernunt
2379 2049 2407 2089 g

332 2107 547 2157 salutem
599 2106 781 2165 anime,
834 2105 1086 2155 voluntati
1131 2105 1300 2155 divine
1339 2101 1656 2165 contraire?
1707 2122 1823 2155 cum
1859 2113 2036 2156 notum
2073 2105 2156 2167 sit,
2197 2105 2412 2173 quod

333 2193 626 2243 consulente
678 2191 857 2256 spiritu
909 2191 1099 2240 domini
1151 2191 1218 2239 ad
1271 2190 1486 2240 salutem
1538 2197 1588 2240 et
1638 2191 1816 2255 spiritu
1868 2191 2091 2257 religiosi
2132 2192 2334 2258 private

333 2278 625 2328 consulente
663 2278 729 2326 ad
756 2277 1060 2326 contrarium
1088 2284 1138 2326 et
1163 2277 1233 2326 sic
1260 2277 1326 2326 ad
1362 2272 1852 2342 dampnacionem‚2⁵
1888 2277 2020 2327 foret
2043 2278 2333 2328 anticristus
2388 2281 2413 2323 Γ

333 2381 581 2429 expresse,
636 2364 754 2428 quia
804 2370 979 2412 contra
1022 2362 1226 2426 regulas
1262 2362 1502 2423 caritatis,
1557 2361 1738 2428 quibus
1777 2363 2010 2427 diligeret
2043 2363 2332 2429 proximum
2395 2377 2406 2409 ί

328 2451 462 2513 ¹sicut
499 2467 551 2499 se
586 2449 768 2514 ipsum,
807 2455 1103 2513 procuraret
1137 2448 1308 2497 fratris
1346 2447 1498 2497 stulte
1537 2448 1972 2513 dampnacionem.
2488 2507 2489 2510 Ἴ

475 2536 583 2584 Nec
637 2533 862 2594 dubium,
921 2534 1040 2599 quin
1092 2534 1239 2583 multi
1273 2534 1403 2583 fiunt
1439 2533 1503 2583 de
1540 2534 1687 2583 sectis
1723 2533 1830 2583 istis
1867 2534 2092 2599 privatis,
2147 2534 2234 2601 qui
2270 2540 2399 2588 eal*
2486 2571 2487 2582 ἶ

333 2622 595 2670 occasione
632 2620 836 2684 gravius
875 2626 991 2668 sunt
1028 2619 1306 2685 dampnati.
1368 2619 1499 2669 Cum
1536 2637 1655 2684 ergo
1690 2637 1794 2670 non
1831 2621 1899 2670 ad
1934 2620 2064 2670 tales
2098 2619 2332 2670 introitus
2394 2608 2402 2627 ⁵
2486 2607 2487 2621 ¹

333 2724 425 2772 per
470 2723 522 2755 se
558 2706 747 2755 bonum
784 2706 985 2755 virtutis
1021 2700 1160 2755 vel2⁶
1197 2705 1366 2770 gracie
1405 2712 1756 2771 consequatur,
1810 2713 1868 2755 ut
1903 2706 1957 2754 in
1992 2704 2244 2771 baptismo
2280 2712 2332 2756 et
2371 2731 2391 2742 *-
2479 2722 2482 2723 ’

336 2792 511 2841 ceteris
562 2787 852 2841 virtuosis²⁷
908 2790 1161 2855 operibus,
1217 2791 1284 2840 ad
1336 2807 1432 2857 que
1484 2791 1570 2840 lex
1625 2789 1777 2840 Cristi
1838 2790 2076 2851 consulit,
2129 2791 2332 2842 videtur
2390 2799 2398 2811 ³

336 2877 542 2927 stultum
597 2884 646 2926 et
695 2876 1033 2942 periculosum
1087 2877 1153 2926 ad
1203 2876 1333 2926 tales
1378 2877 1606 2942 privatas
1655 2877 1788 2926 vitas
1841 2876 1947 2926 sine
1998 2875 2330 2926 fundamento
2387 2866 2393 2890 ³

337 2963 611 3013 consulere.

450 3115 487 3140 ¹⁸
515 3120 558 3158 in
577 3119 622 3157 D
641 3119 679 3157 is
699 3119 796 3158 add.
817 3119 861 3157 in
878 3132 1006 3159 maan:
1037 3117 1263 3168 Quomodo
1293 3117 1538 3171 obligantes
1557 3116 1708 3157 vivere
1727 3116 1986 3170 regulariter
2003 3116 2207 3158 videntur
2225 3116 2331 3159 dare

338 3189 495 3230 mentis
525 3188 830 3242 disposiciones
845 3187 908 3229 D¹
1002 3186 1037 3211 ¹⁹
1066 3201 1169 3229 nam
1187 3190 1262 3228 OD
1310 3188 1383 3230 vel
1401 3205 1430 3231 α
1532 3185 1570 3210 2⁰
1599 3187 1887 3228 consultative
1905 3203 1935 3230 α
1994 3188 2236 3230 consultive
2254 3187 2330 3229 01>

334 3258 370 3283 2¹
399 3261 443 3300 in
462 3261 507 3300 D
535 3262 572 3300 is
589 3261 688 3300 add.
708 3262 752 3299 in
770 3275 898 3301 mar„-
930 3260 1057 3310 Quod
1086 3273 1213 3300 nemo
1244 3260 1377 3301 debet
1405 3259 1630 3300 consulere
1661 3258 1787 3299 alteri
1816 3259 2053 3300 claustrum
2081 3259 2253 3314 ingredi
2265 3256 2330 3299 D²
2383 3277 2387 3279 ·

335 3329 371 3354 22
398 3331 515 3372 nude
534 3333 595 3373 Οα
656 3331 843 3372 avideD
947 3328 986 3354 2³
1016 3344 1071 3372 ex
1088 3332 1163 3371 OD
1219 3344 1298 3385 per
1316 3348 1344 3373 α
1433 3328 1470 3353 24
1497 3332 1543 3370 in
1574 3331 1608 3369 Ο
1631 3330 1669 3370 is
1697 3331 1794 3370 add.
1823 3331 1868 3369 in
1885 3344 2013 3370 maa-„-
2043 3330 2257 3372 contrarie
2273 3326 2330 3371 0¹
2376 3360 2379 3361 ⁷

335 3400 372 3425 ²⁵
403 3402 574 3456 dampn.
595 3403 670 3442 01>
747 3402 803 3442 ad
824 3403 952 3453 (ud.)
974 3401 1146 3456 dampn.
1172 3420 1198 3444 α
1337 3399 1373 3424 2⁶
1402 3402 1475 3443 vel
1493 3402 1568 3442 OD
1645 3405 1690 3442 et
1707 3417 1735 3443 α
1872 3398 1908 3423 27
1937 3401 2034 3443 virt.
2055 3401 2132 3444 Da
2205 3401 2331 3443 bonis
2374 3401 2391 3454 3'

336 3475 463 3525 (ud.)
491 3474 587 3514 virt.
612 3475 646 3513 ο
