2528 4074
873 406 1178 448 GENERAL
1209 406 1429 446 INDEX.

114 554 290 596 Fmtres
318 556 421 593 sunt
449 551 664 593 anticristi
690 564 903 606 precones
934 553 1033 594 467.

117 635 170 643 -—-
200 611 446 665 infringunt
474 609 735 651 mandatum
765 609 896 651 Cristi
926 611 1025 652 469.

61 721 64 726 ‚
114 693 170 700 —
199 669 337 710 verba
367 668 496 710 Cristi
523 680 682 723 parum
708 662 958 723 ponderant
989 670 1057 710 69.

115 731 368 782 ponunt
396 727 586 768 alterum
618 739 715 767 esse
747 726 880 768 deum
910 727 1009 769 465.

114 925 167 933 -
195 901 399 942 laborant
427 900 484 942 ad
514 901 684 942 animas
725 901 988 956 simplicium
1019 902 1093 945 de-

169 959 462 1000 fraudandum
492 960 591 1001 254.

114 1041 167 1049 —
196 1017 292 1073 regi
320 1017 482 1073 Anglie
512 1018 633 1060 mille
663 1030 838 1060 marcas
860 1019 1092 1061 annuatim

168 1075 286 1117 dant.
319 1077 417 1118 256.

112 1157 165 1166 —
194 1134 360 1175 intrant
389 1135 596 1176 cubicula
626 1135 903 1177 dominarum
935 1137 1004 1178 36.

31 1216 41 1250 f
111 1216 164 1224 -—
195 1193 290 1234 miti
305 1193 436 1234 corde
456 1193 816 1249 obtemperarent
838 1195 922 1236 deo
942 1208 1091 1250 neque

16 1398 53 1484 Ξέ
108 1449 164 1457 -
177 1427 449 1469 necessitant
459 1428 517 1469 ad
533 1428 723 1483 amplius
733 1429 1003 1484 cupiendum
1020 1430 1087 1471 72.

54 1511 55 1514 =
108 1508 162 1516 —-
192 1485 347 1527 fovent
376 1491 421 1527 et
450 1487 599 1529 celant
627 1491 813 1542 peccata
843 1489 911 1530 71.

167 1251 310 1292 ocium
346 1265 476 1293 suum
519 1253 860 1295 necessitatibus
905 1254 1090 1296 ecclesie

164 1315 462 1364 preponerent
492 1312 590 1353 506.

108 1391 164 1398 —
193 1367 408 1409 desidiam
437 1374 700 1424 respuerent
730 1371 829 1412 506.

19 1542 39 1575 ἕ
92 1555 160 1574 ’-
191 1543 432 1586 vendicant
458 1546 840 1588 1ur1sd1ccmnibus
864 1547 1088 1602 episcopa-

163 1601 278 1643 libus
307 1617 397 1644 non
426 1604 608 1646 subesse
652 1606 721 1647 69.

0 1688 73 1710 ,,,
108 1683 160 1691 —-
190 1666 384 1716 purgent
402 1675 450 1703 se
472 1663 528 1704 de
549 1663 732 1705 crimine
759 1663 984 1719 implicato
1018 1665 1085 1706 78.

46 1757 50 1765 ,
107 1741 161 1749 --
191 1720 430 1762 comedunt
457 1721 642 1776 predam
675 1723 744 1764 71.

4 1783 50 1827 sp
108 1801 159 1808 —
191 1778 383 1833 spoliant
410 1793 631 1835 pauperes
661 1781 845 1836 plebeos
877 1783 945 1823 69.

21 1883 45 1899 ,1
105 1858 160 1867 -
189 1835 324 1878 fidem
351 1852 443 1880 non
472 1840 800 1881 communicant
829 1853 914 1882 nec
942 1840 1086 1895 predi-

162 1900 266 1937 cant
295 1897 363 1938 65.

19 1947 46 1954 ’
106 1976 159 1983 -
189 1954 492 2009 voluptatibus
521 1969 569 1998 se
599 1956 836 1998 involvunt
865 1959 933 2000 66.

18 2019 54 2065 j
106 2035 160 2042 —
188 2012 421 2067 predicant
462 2014 576 2056 falsa
621 2021 667 2057 et
702 2015 874 2057 ludicra
909 2021 1088 2072 propter
1130 2046 1132 2070 f

161 2076 367 2126 questum
397 2074 465 2115 72.

105 2130 382 2173 -latrones
410 2132 458 2173 in
486 2133 635 2189 regnis
665 2133 915 2175 intrinsecis
948 2135 1017 2176 71.

39 2241 41 2248 Ι
103 2209 159 2218 -
189 2189 446 2244 spoliatores
483 2191 530 2232 in
569 2192 720 2248 regnis
753 2193 916 2234 exteris
947 2197 992 2234 et
1021 2193 1085 2233 in-

159 2247 360 2290 trinsecis
392 2251 459 2291 71.

11 2284 45 2354 ⁵,
103 2327 158 2334 —
189 2307 351 2348 multas
380 2307 558 2350 hereses
589 2310 812 2351 seminant
843 2311 940 2351 256.

104 2387 158 2394 ——
187 2365 289 2420 plus
308 2366 467 2409 divites
482 2372 585 2409 sunt
611 2381 748 2422 quam
763 2368 954 2424 wlgares
985 2370 1084 2410 253.

38 2444 42 2448 v
103 2445 159 2453 —
187 2425 427 2478 ypocritice
466 2427 726 2481 expendunt
762 2428 881 2469 bona
916 2440 1084 2482 paupe-

161 2495 258 2524 rum
288 2484 386 2526 254.

102 2563 159 2570 -
187 2554 407 2597 pauperes
441 2544 718 2586 communius
758 2557 892 2600 quam
928 2545 1087 2586 divites

159 2600 351 2655 spoliant
379 2602 478 2643 254.

105 2679 155 2686 —-
187 2659 329 2701 multa
356 2660 579 2715 stipendia
606 2661 870 2716 perquirunt
900 2662 998 2704 252.

103 2738 156 2745 —
173 2723 294 2759 secte
309 2723 466 2773 quarte
487 2719 674 2761 ecclesie
684 2724 788 2761 sunt
803 2721 1084 2762 onerosi253.

48 2791 55 2827 χ
102 2797 155 2804 -
188 2776 283 2818 sine
315 2776 445 2818 Gristi
475 2778 741 2820 auctoritate
773 2779 868 2820 sive
897 2779 1087 2820 licencia

158 2835 462 2877 subintrarunt
492 2837 591 2878 393.

35 2909 38 2916 ¹
103 2913 156 2921 —
187 2893 375 2935 collecta
394 2907 422 2935 a
439 2895 710 2950 pauperibus
738 2896 1009 2938 necessitant
1029 2897 1085 2937 ad

157 2952 586 2996 circumvencionem
624 2954 954 3009 dampnabilem
985 2956 1084 2997 254.

103 3023 268 3111 -2ἓὲτ
294 3011 498 3054 fraudem
529 3017 796 3068 extorquent
823 3013 1086 3055 elemosinas

40 3122 43 3123 ⁷
104 3150 158 3157 —
189 3127 407 3170 seducunt
435 3129 678 3171 secundam
701 3135 875 3186 partem
897 3130 1084 3172 ecclesie

160 3186 258 3228 255.

4 3279 6 3281 .
45 3257 47 3286 i
102 3267 156 3274 —
187 3250 342 3287 contra
369 3246 564 3288 caritatis
593 3247 774 3303 regulas
812 3252 954 3302 agunt
984 3248 1082 3290 254.

4 3332 7 3334 v
102 3325 159 3333 —
186 3317 277 3346 non
292 3309 432 3360 agunt
447 3305 505 3346 ad
521 3305 710 3348 ecclesie
727 3306 968 3347 utilitatem
983 3307 1081 3349 254.

27 3360 42 3407 ,’
102 3384 153 3391 -
186 3362 345 3404 timent
370 3363 558 3418 perdere
579 3364 780 3406 favorem
799 3365 953 3406 mundi
983 3366 1081 3407 218.

37 3426 40 3431 ⁴
102 3443 157 3449 -
187 3421 358 3462 animas
402 3421 678 3464 dominorum
724 3427 769 3464 et
807 3423 1084 3465 dominarum

157 3478 205 3520 in
233 3479 433 3521 custodia
461 3479 631 3523 habent
661 3482 760 3523 255.

23 3510 50 3578 ’ῚῙ
103 3559 156 3566 -
186 3542 326 3580 totam
356 3539 590 3581 ecclesiam
626 3539 674 3580 in
703 3539 791 3581 fide
822 3540 1084 3583 subvertunt

160 3596 258 3639 255.

2062 413 2164 462 765

1182 549 1362 590 Fratres
1390 549 1536 590 nullos
1557 550 1614 591 ad
1634 563 1791 605 pacem
1819 552 2036 595 inducunt
2065 555 2164 597 255.

1137 633 1139 646 ÷
1183 630 1238 636 —
1269 621 1348 662 pro
1378 608 1494 649 bono
1523 609 1698 662 proprio
1728 610 1933 652 laborant
1964 612 2062 654 255.

1182 688 1238 694 —
1270 666 1508 707 consulunt
1522 666 1580 707 ad
1595 667 1714 708 bella
1728 668 1775 708 in
1791 681 1915 722 spem
1930 669 2041 710 lucri
2063 671 2162 712 255.

1136 726 1139 764 Ι
1183 746 1237 752 —-
1270 723 1510 779 sathagunt
1545 724 1679 766 fidem
1725 726 1911 768 ecclesie
1950 740 2165 770 enervare

114 809 168 816 —-
197 784 454 839 blaspheme
473 783 762 840 magnificant
780 788 945 826 statum
965 799 1094 827 suum
1136 779 1138 801 ³

1182 862 1237 869 —
1267 841 1443 895 pugiles
1474 840 1654 894 dyaboli
1684 842 1782 884 218.

1181 919 1236 927 —
1268 913 1359 940 non
1389 899 1534 940 sciunt
1563 912 1742 941 sensum
1772 901 1986 956 scripture
2017 903 2116 944 372.

1181 979 1237 985 —
1268 957 1597 999 ordinacionem
1619 958 1748 1000 Cristi
1771 960 2035 1002 subvertunt
2065 961 2163 1004 255.

1183 1035 1236 1040 —
1267 1030 1358 1057 non
1388 1018 1604 1071 approbat
1634 1017 1800 1059 Cristus
1832 1019 1930 1061 266.

1182 1095 1236 1102 —
1269 1074 1404 1116 duces
1435 1080 1480 1116 et
1508 1076 1728 1131 principes
1760 1077 1989 1119 defamant
2019 1079 2118 1120 218.

1182 1154 1237 1161 —
1268 1133 1468 1175 ordinem
1499 1148 1628 1175 suum
1659 1135 1845 1178 dilatare
1875 1137 2034 1178 volunt
2064 1138 2162 1179 224.

1181 1213 1236 1219 —
1252 1193 1439 1233 verbum
1454 1206 1594 1234 unum
1611 1194 1758 1235 dicere
1774 1208 1865 1236 non
1881 1195 2049 1237 audent
2063 1196 2162 1238 218.

1182 1271 1233 1278 —
1265 1250 1471 1292 laborant
1497 1252 1545 1292 in
1572 1253 1740 1307 pietate
1772 1254 1870 1294 224.

1181 1331 1235 1336 —
1267 1309 1462 1351 immersi
1490 1310 1537 1350 in
1566 1311 1885 1365 temporalibus
1916 1313 2014 1354 221.

1179 1389 1234 1394 —
1266 1368 1469 1409 clamosis
1489 1369 1637 1410 verbis
1660 1375 1872 1424 superant
1887 1370 2041 1412 fideles
2063 1372 2162 1414 372.

1179 1447 1234 1453 -—
1266 1431 1531 1468 consumunt
1559 1428 1823 1483 temporalia
1844 1430 2031 1471 ecclesie
2064 1431 2162 1472 372.

1178 1506 1232 1512 -—
1264 1485 1636 1540 nigromanticum
1670 1500 1850 1528 sensum
1877 1488 2166 1530 introducunt

1178 1622 1232 1628 —
1265 1614 1443 1644 sensum
1475 1602 1604 1645 Cristi
1633 1604 1913 1646 abscondunt
1944 1605 2043 1646 371.

1178 1682 1231 1687 --
1263 1661 1412 1715 plures
1442 1662 1626 1704 heretici
1655 1663 1754 1717 capi
1784 1668 1970 1717 possunt
2000 1664 2102 1706 265.

1177 1740 1232 1746 —
1264 1720 1525 1762 scandalosa
1554 1722 1789 1763 mendacia
1809 1722 2031 1764 seminant
2061 1723 2160 1765 371.

1179 1799 1229 1804 —
1262 1779 1543 1833 predicantes
1587 1780 1771 1822 heretici
1815 1780 2024 1822 videntur
2065 1795 2162 1823 esse

1183 1916 1226 1922 —
1260 1896 1344 1937 sibi
1381 1909 1558 1939 secures
1603 1910 1825 1939 armorum
1870 1904 2164 1954 procurarunt

1177 2033 1231 2039 —
1255 2014 1440 2069 obligati
1459 2019 1562 2055 sunt
1577 2015 1634 2056 ad
1651 2016 1800 2057 omnia
1816 2016 2001 2058 consilia
2017 2029 2162 2059 ewan-

1234 2072 1355 2127 gelia
1386 2073 1483 2115 629.

1176 2151 1230 2157 —
1263 2131 1455 2185 spoliant
1484 2133 1718 2174 ecclesiam
1738 2133 1859 2175 falsis
1889 2134 2162 2176 colleccioni-

1232 2189 1316 2230 bus
1347 2191 1445 2232 593.

1177 2268 1228 2275 —-
1264 2247 1432 2290 Cristus
1461 2263 1551 2290 non
1572 2251 1845 2317 approbavit
1877 2253 1974 2294 709.

1174 2330 1228 2336 —
1261 2308 1500 2362 scripturas
1538 2309 1703 2350 viciare
1740 2323 1831 2351 non
1869 2315 2054 2365 possunt
2082 2325 2163 2366 per

1231 2365 1580 2421 nigromanciam
1613 2369 1711 2409 706.

1177 2446 1225 2451 —
1262 2424 1430 2466 ducunt
1458 2426 1641 2480 plebeos
1671 2427 1718 2467 in
1747 2426 1939 2469 heresim
1973 2429 2070 2470 710.

1174 2504 1229 2510 —
1261 2483 1527 2539 impugnant
1555 2485 1711 2526 fideles
1742 2485 1798 2527 de
1829 2486 1974 2528 heresi
2012 2488 2110 2529 710.

1175 2563 1229 2568 —
1261 2556 1368 2583 num
1399 2548 1548 2598 partes
1580 2544 1765 2586 ecclesie
1797 2545 2025 2587 militantis
2055 2551 2159 2588 sunt

1179 2680 1227 2687 --
1262 2659 1447 2702 heretici
1481 2661 1727 2703 secundum
1758 2667 1907 2717 partes
1947 2663 2160 2718 prescitas

1176 2798 1230 2803 ——
1261 2790 1319 2818 ne
1341 2777 1638 2820 defendantur
1659 2792 1687 2820 a
1712 2779 1900 2821 dominis
1929 2784 2159 2836 tamquam

1232 2836 1359 2891 regni
1387 2837 1531 2879 incole
1573 2838 1671 2879 714.

1176 2916 1230 2922 —
1262 2894 1441 2948 dyaboli
1471 2901 1573 2937 sunt
1604 2898 1701 2938 364.

1175 2975 1228 2981 —
1259 2958 1492 2996 transeunt
1522 2955 1577 2996 de
1609 2955 1738 2997 domo
1768 2956 1815 2997 in
1844 2956 2025 2998 domum
2058 2958 2157 2999 371.

1175 3034 1229 3040 —
1260 3012 1307 3053 in
1335 3026 1526 3068 persona
1564 3027 1646 3055 sua
1685 3028 1826 3070 regna
1857 3016 2160 3071 multipliciter

1230 3070 1538 3127 depauperant
1572 3074 1671 3114 464.

1174 3151 1226 3158 -
1259 3143 1388 3172 suum
1409 3145 1588 3172 sensum
1610 3131 1848 3187 ewangelii
1861 3145 2041 3173 sensum
2062 3145 2159 3174 esse

1229 3187 1406 3245 fingunt
1435 3191 1533 3232 371.

1134 3292 1137 3294 ,
1173 3269 1228 3276 -
1261 3249 1508 3304 ewangelio
1539 3249 1847 3291 contradicunt
1882 3249 1980 3291 371.

1174 3326 1228 3334 ——
1244 3307 1476 3361 predicant
1490 3307 1547 3348 ad
1563 3308 1879 3362 spoliacionem
1894 3307 2050 3363 populi
2059 3309 2157 3350 371.

1173 3385 1228 3393 —
1260 3366 1460 3407 eiusdem
1505 3366 1668 3408 ordinis
1705 3367 1864 3408 fratres
1903 3380 2004 3408 suos
2047 3367 2158 3408 occi-

1231 3424 1342 3466 dunt
1373 3426 1471 3466 370.

1173 3504 1227 3509 ——
1258 3483 1359 3538 plus
1404 3496 1538 3538 quam
1584 3482 1739 3524 domus
1785 3484 1951 3525 domini
1999 3483 2156 3526 volunt

1229 3543 1353 3596 pasci
1383 3543 1480 3584 370.

1174 3622 1227 3628 —
1258 3613 1477 3655 pauperes
1506 3601 1747 3655 ypocritice
1778 3601 1970 3656 spoliant
2000 3602 2098 3643 371.
