2528 4074
178 617 284 658 mini
299 618 549 672 specialiter
560 619 608 660 in
622 619 784 674 triplici
796 620 983 674 perfidia
998 622 1097 663 418.

122 695 308 732 —antur
349 703 487 745 papa,
532 691 788 746 imperator,
835 706 938 745 rex,
997 708 1098 736 cum

174 753 353 804 possent
381 749 616 791 ecclesiam
647 749 859 792 alleviare
892 753 960 794 60.

117 807 342 862 Acephala
370 820 461 848 non
491 811 558 849 est
588 808 775 852 ecclesia
803 809 937 852 fidem
969 810 1097 853 Oristi

173 878 354 907 servans
385 865 484 907 257.

74 951 95 966 ·.
119 946 173 954 -—
203 923 391 965 ecclesia
434 937 524 966 non
561 924 646 967 fuit
682 930 786 968 ante
824 926 1095 970 incamacio-

171 995 274 1024 nem
309 983 407 1023 661.

119 1064 172 1070 —
201 1039 390 1082 ecclesia
417 1054 536 1096 papa
565 1041 800 1085 deficiente
822 1056 859 1085 a
887 1044 1095 1087 fratribus

89 1145 95 1150 ·
171 1103 354 1140 vocatur
383 1100 481 1141 256.

113 1156 264 1199 Aciem
294 1157 455 1199 mentis
484 1158 627 1201 fidelis
657 1159 796 1202 alcius
818 1161 996 1204 elevare
1020 1162 1093 1204 de-

169 1216 245 1257 bet
275 1216 373 1257 328.

95 1273 358 1329 ¹Aequisicio
378 1287 616 1330 regnorum
635 1289 716 1331 per
729 1278 963 1320 mendacia
993 1280 1091 1321 596.

91 1346 334 1402 ‘Acquisito
388 1348 581 1390 dominio
627 1349 683 1391 de
728 1362 865 1391 manu
911 1350 1092 1405 dyaboli

167 1419 257 1447 non
293 1410 465 1460 oportet
499 1408 718 1462 posterius
756 1421 942 1451 onerare
982 1423 1091 1466 pau-

164 1477 293 1520 peres
321 1465 524 1521 pedagiis
553 1466 738 1508 insuetis
769 1467 867 1510 280.

89 1518 165 1567 ‚de
193 1522 450 1565 Activorum
479 1537 646 1580 genere
682 1539 773 1567 non
812 1531 878 1568 est
915 1527 1090 1582 quanti—

107 1638 242 1682 'Actus
270 1641 453 1682 venerei
482 1646 702 1684 sectarum
736 1643 832 1685 142.

109 1721 163 1728 —
201 1711 353 1740 omnes
390 1699 638 1743 laudabiles
668 1701 716 1742 in
745 1702 962 1758 scriptura
997 1718 1088 1746 non

164 1757 439 1812 exprimendi
468 1764 595 1801 erant
625 1761 723 1802 268.

105 1814 269 1858 Acucio
298 1829 415 1871 pene
444 1823 544 1872 post
573 1823 759 1860 mortem
790 1821 888 1863 247.

104 1874 245 1916 Acute
275 1875 399 1930 loqui
426 1881 580 1918 contra
607 1877 725 1919 vicia
754 1884 975 1922 sectarum
1017 1883 1083 1924 13.

100 1932 275 1975 Addere
295 1947 436 1976 novas
459 1940 603 1977 sectas
632 1941 752 1978 secte
775 1936 905 1980 Cristi
934 1953 1084 1995 super-

82 1990 83 1994 ’
156 1991 294 2033 fluum
320 1997 388 2034 est
418 1994 516 2036 229.

98 2049 322 2093 Adherere
353 2051 595 2095 affeccione
626 2058 672 2095 et
694 2055 970 2111 cogitacione
994 2057 1080 2099 deo

74 2107 90 2164 2'
155 2108 339 2151 firmiter
371 2111 469 2153 118.

97 2168 345 2210 .-—rendum
366 2173 434 2211 est
461 2170 610 2212 neutri
638 2184 862 2226 paparum
893 2174 1080 2217 duorum

83 2283 230 2340 ‚Adire
259 2285 514 2340 pontificem
533 2301 764 2331 romanum
783 2304 874 2332 non
896 2305 1079 2335 necesse

78 2342 82 2350 '
155 2348 222 2386 est
251 2345 349 2387 258.
749 2354 753 2361 ‘

95 2401 453 2448 Adinvenciones
481 2418 621 2447 novas
641 2406 802 2450 milites
822 2407 1079 2464 Hospitales

154 2461 358 2504 deserere
389 2462 555 2505 debent
584 2465 683 2507 270.

97 2542 152 2550 -
181 2520 293 2562 false
322 2521 508 2563 fratrum
537 2524 610 2567 47.

97 2600 152 2608 -
179 2579 366 2621 fratrum
394 2585 578 2635 questus
607 2595 742 2625 causa
772 2585 842 2626 69.

97 2660 150 2668 -
181 2638 374 2693 quedam
417 2638 610 2682 fideliter
653 2642 837 2685 obviant
882 2644 940 2685 ad
986 2645 1077 2701 glo-

149 2695 261 2738 riam
292 2699 361 2739 91.

94 2753 289 2809 Adjuvat
316 2756 538 2812 reliquum
557 2760 906 2816 unumquodque
940 2776 1076 2805 mem-

148 2813 276 2855 brum
306 2816 436 2870 regni
467 2817 566 2858 242.

76 2902 80 2907 .
92 2869 327 2927 Adjutores
347 2873 568 2929 simplices
585 2875 695 2918 deus
703 2877 782 2919 wlt
794 2877 961 2921 habere
973 2881 1073 2922 372.

75 2929 372 2986 -Adjuton’um
402 2933 475 2974 dei
503 2934 668 2977 assistit
694 2934 901 2979 fidelibus
933 2939 1033 2980 365.

90 2987 275 3032 Admitti
303 3005 394 3033 non
424 2991 590 3034 debent
618 2999 739 3036 secte
770 2995 828 3036 ad
857 3010 970 3038 onus
1005 3011 1074 3039 ec-

148 3048 280 3091 clesie
312 3051 411 3092 594.

93 3122 346 3176 —ttendus‚
379 3124 598 3179 quomodo
628 3125 685 3168 sit
713 3139 832 3182 papa
862 3128 964 3170 260.

87 3179 304 3223 Adulacio
334 3187 557 3224 sectarum
586 3190 767 3240 questus
797 3199 934 3228 causa
968 3189 1038 3230 66.

89 3237 340 3282 Adulantur
368 3241 525 3283 fratres
556 3243 625 3284 52.

89 3295 304 3340 Adultera
333 3300 570 3354 generacio
600 3301 785 3344 fratrum
817 3304 887 3345 66.

74 3359 145 3402 ᾗ-
175 3357 412 3412 generacio
441 3359 595 3414 populi
622 3361 854 3403 seductiva
885 3363 991 3405 394.

87 3427 370 3473 Adulteracio
398 3431 526 3473 verbi
555 3431 628 3474 dei
655 3446 737 3488 per
765 3439 913 3477 sectas
945 3437 1017 3479 68.

79 3486 350 3531 'Adulter-ina
379 3490 519 3532 verba
546 3495 767 3534 sectarum
796 3495 866 3536 40.

88 3559 204 3588 -ne
231 3548 420 3603 pictacie
450 3549 520 3591 44.

0 3625 4 3628 >
90 3605 192 3646 —ni
221 3606 398 3649 ordines
429 3608 528 3650 298.

862 419 1167 460 GENERAL
1197 421 1419 462 INDEX.

121 559 326 602 Accusati
355 564 458 601 sunt
486 560 629 602 clerus
660 564 706 602 et
731 563 999 616 temporales
1027 563 1100 605 do-

2069 434 2171 483 723

1188 563 1236 604 in
1265 564 1537 607 Adulterinis
1567 567 1704 622 signis
1723 582 1815 609 non
1850 572 2048 615 consistit
2075 574 2173 615 reli-

1247 622 1320 676 gio
1343 622 1473 664 Cristi
1503 626 1601 666 334.

1186 679 1468 722 Adulterium
1499 683 1727 737 spirituale
1761 685 1829 727 51.

1187 761 1242 768 —-
1274 740 1500 793 corporale
1533 743 1600 782 51.

1183 796 1508 839 Adverbiorum
1538 805 1845 842 remunerator
1874 802 1983 844 deus
2014 805 2112 846 560.

1183 855 1438 897 Adversans
1475 857 1523 898 in
1560 858 1655 899 vita
1692 860 1906 914 scripture
1951 861 2172 905 hereticus

1244 919 1311 955 est
1342 916 1440 958 265.

1187 977 1398 1014 -santur
1415 973 1554 1016 Cristo
1588 975 1783 1032 episcopi
1816 982 1860 1018 et
1889 978 2051 1032 prelati
2071 981 2169 1022 672.

1185 1055 1240 1060 -
1286 1044 1403 1086 pape
1443 1031 1584 1075 Oristo
1629 1035 1676 1075 in
1722 1035 1940 1089 doctrina,
1988 1037 2083 1079 vita
2127 1044 2172 1080 et

1243 1091 1436 1132 moribus
1469 1092 1567 1136 672.

1185 1171 1237 1177 —
1270 1149 1476 1204 religioni
1507 1150 1637 1192 Cristi
1667 1157 1787 1194 secte
1820 1154 1917 1195 174.

1181 1228 1238 1236 -
1269 1207 1426 1249 fratres
1456 1209 1663 1264 religioni
1694 1211 1825 1252 Cristi
1856 1213 1926 1254 47.

1183 1289 1237 1293 -
1268 1279 1384 1321 pape
1416 1267 1528 1308 Jesu
1560 1268 1700 1310 Cristo
1732 1271 1830 1312 679.

1179 1323 1469 1366 Adversarios
1508 1326 1734 1369 debellare
1775 1328 1945 1370 licitum
1982 1331 2030 1371 in
2065 1331 2167 1387 lege

1239 1383 1382 1424 veteri
1406 1385 1504 1426 606.

1180 1439 1376 1483 Affeccio
1408 1443 1673 1485 demoniaca
1703 1444 1889 1487 fratrum
1919 1448 1988 1489 40.

1181 1523 1238 1529 —
1272 1500 1454 1542 cordata
1483 1514 1584 1543 rara
1614 1504 1714 1545 467.

1179 1560 1399 1600 —mentis
1420 1560 1679 1603 abscondita
1699 1575 1822 1604 amor
1843 1568 1910 1605 est
1941 1565 2038 1606 171.

1180 1617 1305 1658 -nis
1324 1619 1608 1673 superaddite
1625 1621 1773 1662 unitas
1786 1622 1834 1662 in
1851 1636 2033 1677 corpore
2066 1624 2164 1666 328.

1179 1689 1341 1718 —nem
1377 1677 1638 1720 inclinatam
1674 1680 1841 1722 mundo
1876 1694 1996 1736 papa
2030 1682 2166 1724 habet

1176 1807 1292 1835 ——ne
1324 1798 1370 1836 et
1406 1795 1683 1851 cogitacione
1711 1797 1795 1840 deo
1825 1797 2009 1841 firmiter
2029 1800 2163 1842 adhe-

1184 1858 1189 1861 ’
1232 1865 1330 1894 rere
1365 1853 1461 1896 118.

1175 1924 1312 1952 —nes
1341 1916 1518 1955 terrene
1552 1914 1648 1956 147.

1174 1993 1230 1998 —
1261 1970 1490 2012 hominum
1518 1972 1768 2016 inordinate
1798 1975 1846 2015 in
1875 1973 1964 2016 fine
1992 1979 2161 2031 tempo-

1230 2042 1329 2069 rum
1360 2031 1429 2071 24.

1173 2087 1228 2128 ab
1261 2088 1449 2130 ——nibus
1486 2089 1634 2131 anime
1675 2091 1891 2134 salvande
1927 2099 2031 2136 sunt
2059 2109 2160 2150 pur-

1230 2146 1377 2201 gande
1412 2148 1508 2190 147.

1170 2203 1394 2247 Affectare
1424 2207 1669 2261 prioratum
1700 2210 1798 2251 303.

1171 2286 1224 2292 —
1258 2264 1523 2306 brevitatem
1558 2268 1654 2309 119.

1171 2327 1307 2364 —ant
1336 2324 1550 2365 solacium
1580 2327 1826 2381 temporale
1847 2332 1967 2369 secte
1998 2330 2071 2372 43.

1168 2380 1302 2422 Affici
1331 2396 1422 2423 non
1454 2383 1588 2425 debet
1621 2385 1806 2427 dileccio
1838 2386 1912 2427 dei
1945 2388 2042 2429 126.

1168 2438 1338 2482 Affines
1369 2442 1642 2498 conjugandi
1687 2444 1842 2486 levant
1886 2446 2160 2500 baptizatum

1228 2498 1283 2539 de
1315 2499 1438 2541 fonte
1472 2502 1568 2543 167.

1166 2555 1373 2599 Affinitas
1403 2560 1667 2614 nupciarum
1696 2576 1787 2603 non
1809 2567 1876 2604 est
1904 2563 1951 2604 in
1970 2564 2158 2619 septimo

1228 2617 1371 2671 gradu
1401 2621 1801 2674 consanguinitatis
1835 2623 1931 2664 166.

1167 2697 1221 2702 —
1253 2675 1390 2718 habet
1433 2679 1875 2733 correspondenciam
1910 2682 2048 2723 verbo
2086 2682 2159 2724 dei

1165 2793 1307 2834 —atis
1336 2794 1566 2836 vinculum
1595 2797 1712 2839 inter
1738 2798 1884 2839 virum
1926 2803 1971 2840 et
2005 2801 2156 2854 conju-

1223 2864 1327 2906 gem
1360 2854 1455 2895 161.

1162 2909 1210 2950 in
1241 2915 1372 2953 —ate
1403 2925 1526 2954 amor
1556 2927 1647 2955 non
1684 2919 1860 2956 tantum
1896 2916 2153 2970 ostenditur,

1221 2969 1334 3011 sicut
1362 2971 1410 3011 in
1441 2974 1829 3028 consanguinitate
1864 2975 1960 3017 166.

1162 3028 1353 3082 qualiter
1367 3030 1606 3085 Agendum
1629 3037 1707 3085 est,
1733 3032 1900 3074 Cristus
1920 3033 2154 3075 ecclesiam

1221 3086 1371 3129 docuit
1403 3089 1501 3131 266.

1160 3143 1358 3200 Aggredi
1391 3147 1631 3201 dyabolum
1663 3150 1762 3191 589.

1160 3203 1413 3260 Aggregaci
1435 3207 1768 3249 caecidencium
1793 3208 1888 3250 sive
1908 3209 2020 3250 nihil
2051 3212 2150 3253 398.

1160 3262 1469 3318 Agitacionem
1499 3266 1685 3308 liberam
1706 3267 1884 3321 spiritus
1904 3273 2058 3311 sancte
2090 3270 2152 3310 di-

1218 3322 1393 3364 mittere
1426 3326 1524 3366 346.

1158 3379 1398 3435 Agitantur
1426 3396 1544 3438 pape
1576 3397 1604 3424 a
1634 3384 1790 3439 spiritu
1819 3385 2017 3441 maligno
2050 3387 2148 3429 670.

1158 3437 1331 3481 Albedo
1363 3442 1504 3483 cordis
1536 3443 1807 3484 mundiciam
1827 3444 2049 3499 significat
2079 3446 2147 3488 27.

1159 3497 1242 3539 Ale
1273 3511 1389 3554 pape
1421 3501 1570 3542 clerici
1601 3502 1771 3543 cesarei
1805 3504 1901 3545 130.

1163 3578 1210 3585 —
1225 3569 1341 3656 pgpe
1357 3560 1697 3660 prex-raricanggsl
1704 3561 1751 3601 in
1768 3561 2032 3618 decalogum
2051 3564 2146 3605 130.

1160 3637 1214 3645 ·—·
1276 3629 1334 3657 ue
1366 3623 1581 3660 antlcnstl
1702 3652 1711 3661 .

1689 3705 1777 3749 46*
