2528 4074
0 2367 11 2545 W;‹v‚.-,„
0 2329 11 2356 „m
6 2303 9 2313 „.
0 2231 2 2235 <
12 2197 13 2202 „

0 3527 4 3538 -
0 3420 4 3443 a«
0 3308 8 3383 vv--
0 3262 7 3298 -vv
0 2820 11 3253 w-——vffi—Wq-p
0 2753 10 2804 q.-

919 351 1224 391 GENERAL
1260 352 1481 392 INDEX.

163 496 339 552 Regina
370 497 559 538 ecclesia
589 497 659 538 97.

164 578 219 584 -—
252 555 442 596 ecclesia
470 555 688 597 varietate
719 553 991 595 circumdata
1021 554 1090 594 88.

32 621 33 625 ’
89 633 91 635 ·
165 626 325 655 —nam
340 613 502 669 Anglie
522 612 767 654 hereticare
783 611 898 653 foret
916 611 1151 653 luciferina

223 672 431 727 superbia
463 672 559 713 168.

162 731 374 787 Regnant
401 742 530 784 reges
558 740 639 795 per
670 726 861 770 Cristum
894 728 990 770 105.

161 789 370 844 Regnum
399 787 454 828 de
475 786 606 828 sectis
627 786 860 829 exonerari
878 790 1028 841 posset
1048 787 1147 829 383

163 870 217 877 —
234 847 371 888 libere
392 844 475 887 deo
496 844 661 887 servire
681 850 831 900 posset
851 850 897 887 et
914 845 1148 887 intendere

219 905 388 946 actibus
416 903 686 957 yconomicis
715 904 762 945 in
790 917 903 959 pace
925 903 1054 946 Gristi
1081 917 1147 946 se-

220 963 367 1004 curius
398 962 498 1004 280.

160 1043 215 1050 -—
236 1025 436 1063 nostrum
455 1020 651 1075 inquirat
669 1033 839 1076 pacem,
859 1022 966 1064 licet
984 1021 1146 1064 exinde

217 1079 458 1135 perdiderit
486 1080 750 1135 temporalia
780 1081 878 1123 280.

161 1161 214 1167 —
254 1138 434 1192 dyaboli
470 1152 605 1193 super
639 1138 872 1181 mendacio
910 1139 1145 1181 fundatum

160 1278 214 1284 —
245 1260 446 1298 nostrum
466 1269 676 1311 prospere
696 1255 830 1308 stetit,
862 1255 1041 1310 quando
1062 1255 1149 1297 fuit

216 1314 462 1356 secundum
492 1315 616 1371 leges
645 1319 866 1357 sectarum
893 1314 1146 1370 specialiter

219 1373 265 1414 in
287 1373 457 1415 clericis
477 1373 732 1429 regulatum
752 1374 850 1416 276.

104 1467 107 1470 Λ
158 1454 213 1460 -
245 1432 377 1473 sectis
405 1432 640 1488 iniungere
669 1436 819 1487 posset
844 1429 964 1487 quod
994 1431 1146 1473 dicant

215 1491 491 1532 sentenciam
522 1491 578 1532 de
606 1490 752 1533 hostia
781 1491 880 1533 382.

158 1572 213 1578 —-
245 1549 492 1591 secundum
522 1549 852 1591 ordinacionem
883 1549 1049 1591 domini
1077 1562 1143 1591 re-

216 1607 348 1649 ditari
375 1613 525 1663 posset
559 1609 659 1651 383.

155 1689 212 1696 —
243 1679 326 1722 per
354 1671 498 1725 sectas
527 1666 772 1709 corroditur
801 1667 901 1709 383.

155 1747 211 1754 —
250 1729 356 1767 ante
401 1725 782 1767 introduccionem
825 1729 946 1767 secte
984 1729 1142 1780 quarte

212 1784 464 1839 prosperius
494 1784 617 1826 stetit
646 1785 745 1826 253.

155 1865 208 1871 —
219 1854 301 1897 per
314 1842 512 1898 leprosos
528 1843 799 1885 consiliarios
815 1842 1143 1884 contaminatur

214 1905 260 1942 et
287 1902 628 1956 perturbacione
657 1901 852 1943 irretitur
880 1902 980 1944 431.

155 1983 210 1989 —
242 1959 405 2016 Anglie
435 1960 566 2002 nimis
593 1974 695 2002 cum
715 1960 805 2002 suis
825 1960 1142 2015 temporalibus

213 2018 384 2061 dotavit
412 2019 691 2061 anticristum
719 2019 819 2061 424.

154 2101 208 2106 -
242 2077 432 2119 ecclesie
462 2077 598 2120 debet
626 2091 674 2120 se
694 2081 837 2120 totum
857 2077 1144 2133 spiritualiter

213 2135 428 2178 adiuvare
459 2137 559 2179 242.

154 2217 208 2224 —
240 2194 404 2251 Anglie
441 2195 637 2249 horreat,
678 2194 798 2251 quod
827 2195 1039 2237 deveniat
1069 2208 1143 2251 ge·

212 2254 376 2295 neralis
404 2259 662 2309 procurator
691 2254 872 2309 dyaboli
902 2255 1004 2297 424.

154 2335 210 2342 -
247 2312 360 2354 illud
404 2313 519 2355 foret
561 2313 691 2355 nimis
735 2313 976 2368 impotens,
1025 2312 1144 2368 quod

212 2370 446 2413 invaderet
489 2371 721 2427 spoliando
766 2371 986 2414 calliditas
1032 2372 1144 2413 anti-

212 2429 331 2471 cristi
360 2430 461 2473 423.

155 2512 210 2517 —
241 2493 441 2531 nostrum
479 2489 562 2531 erit
590 2502 869 2545 perversum,
916 2489 1002 2531 nisi
1032 2489 1143 2531 deus

210 2560 375 2614 penam
406 2547 581 2590 differat
609 2549 709 2590 420.

155 2628 210 2634 -
242 2605 289 2646 in
318 2619 367 2647 se
395 2606 491 2661 ipso
523 2606 713 2648 divisum
741 2606 1013 2648 desolabitur
1043 2606 1141 2648 242.

158 2687 212 2693 -
242 2664 472 2706 literarum
500 2665 827 2707 fraternitatum
859 2665 957 2707 193.

152 2722 369 2778 quidquid
399 2745 455 2753 —-
477 2723 634 2766 tribuit
652 2723 898 2766 secundum
917 2723 1143 2765 racionem

213 2781 468 2835 elemosine,
484 2782 638 2824 tribuit
651 2782 896 2824 secundum
904 2782 1141 2835 racionem,

211 2853 302 2896 qua
331 2845 528 2894 resonat,
561 2841 756 2883 caritatis
786 2841 886 2883 423.

153 2899 259 2940 —ni
299 2899 372 2941 dei
407 2905 558 2955 partes
594 2899 787 2942 fideliter
823 2899 994 2941 faciunt
1023 2899 1142 2955 quod

214 2957 278 3000 eis
308 2958 470 3000 attinet
499 2959 598 3001 242.

154 3039 208 3045 ——
239 3017 377 3059 nostri
406 3030 496 3073 pax
526 3031 628 3070 cum
659 3017 822 3060 exteris
849 3017 949 3059 424.

151 3097 207 3104 -—
238 3075 441 3131 regimen
475 3076 575 3119 247.

152 3133 211 3174 ad
241 3156 295 3164 —-
328 3134 568 3177 utilitatem
597 3134 845 3177 Edwardus
865 3133 999 3176 fidem
1020 3134 1142 3176 trini-

211 3193 315 3234 tatis
344 3192 536 3235 fideliter
565 3194 756 3249 perfecit
785 3194 885 3235 418.

154 3264 270 3292 —no
300 3250 536 3306 proficiens
566 3252 697 3295 homo
727 3252 872 3308 legius
906 3253 1003 3294 104.

152 3322 271 3350 —na
300 3310 449 3351 omnia
463 3311 617 3352 mundi
631 3310 943 3354 transfundere
963 3316 1142 3366 possent

210 3367 257 3408 in
286 3381 449 3423 papam
479 3370 578 3412 308.

153 3449 208 3455 -
241 3440 320 3468 cur
348 3426 594 3470 illudantur
623 3429 723 3471 251.

153 3507 207 3514 —
224 3484 391 3527 debent
405 3485 581 3528 ordines
595 3487 782 3529 fratrum
799 3486 1023 3541 expellere
1040 3487 1139 3531 462.

150 3567 206 3574 -—
241 3544 554 3586 conventicula
582 3545 797 3587 anticristi
830 3547 926 3588 105.

2118 359 2220 407 811

1238 497 1399 552 Regna
1430 500 1475 538 et
1510 496 1766 538 habitacula
1805 498 2005 540 subiecta
2040 499 2224 554 imperio

1300 554 1374 596 dei
1407 555 1503 596 105.

1239 626 1454 654 —norum
1493 612 1743 667 despolacio
1775 612 1831 654 de
1861 614 2026 668 populo
2058 620 2104 656 et
2130 616 2225 657 the-

1298 683 1431 712 zauro
1464 671 1562 712 603.

1239 751 1293 758 --
1325 728 1534 770 fundacio
1564 728 1792 783 potissime
1823 733 1911 771 stat
1939 730 1986 770 in
2014 730 2225 786 prudenti

1296 787 1555 829 defensione
1571 799 1820 842 pauperum
1840 787 2101 843 plebeorum
2123 790 2221 831 422.

1235 845 1414 901 Regula
1444 844 1649 900 Gregorii
1681 846 1777 887 173.

1236 928 1290 934 -
1325 905 1510 946 fratrum
1540 904 1716 945 noviter
1744 904 1998 947 introducta
2031 906 2127 947 183.

1236 987 1291 993 —-
1325 962 1513 1018 apostoli
1546 963 1641 1005 193.

1236 1046 1290 1051 -
1324 1021 1601 1077 ewangelica
1636 1021 1750 1064 foret
1786 1023 2071 1064 securitatem
2115 1027 2225 1065 tem-

1291 1080 1512 1136 poralium
1533 1093 1560 1121 a
1587 1081 1718 1122 sectis
1744 1081 1982 1123 excludere
2005 1083 2103 1124 275.

1239 1163 1290 1170 —
1322 1139 1561 1195 religionis,
1592 1139 1679 1180 nisi
1706 1139 1896 1182 fundata
1924 1140 1972 1181 in
1999 1141 2226 1196 sapiencia

1293 1198 1435 1250 Cristi,
1467 1211 1558 1239 non
1587 1198 1711 1240 valet
1741 1199 1840 1240 299.

1235 1281 1289 1286 —
1321 1256 1548 1312 religionis
1577 1256 1802 1298 sufficiens
1827 1258 2126 1313 ewangelium
2158 1263 2225 1300 est

1291 1315 1391 1357 437.

1234 1397 1289 1404 --
1319 1386 1436 1428 pape
1462 1373 1520 1414 ad
1550 1373 1796 1429 regendam
1828 1374 2063 1416 ecclesiam
2095 1376 2193 1417 676.

1233 1456 1288 1462 -
1320 1432 1508 1474 facilitat
1537 1432 1594 1473 ad
1626 1433 1962 1474 observanciam
1997 1434 2223 1489 religionis

1233 1574 1287 1579 —
1318 1554 1604 1604 patronorum
1633 1563 1725 1591 non
1754 1550 1875 1592 utilis
1905 1551 2004 1592 300.

1232 1632 1287 1638 —
1318 1608 1411 1650 vite
1444 1607 1574 1650 Cristi
1604 1608 1824 1650 cristianis
1855 1609 1989 1651 debet
2021 1622 2117 1651 esse
2148 1624 2223 1652 no—

1291 1667 1382 1709 cior
1412 1679 1547 1722 quam
1576 1668 1753 1722 patroni
1781 1672 2003 1709 sectarum
2035 1669 2134 1710 302.

1231 1750 1287 1755 —
1319 1725 1635 1767 monachorum
1666 1726 1912 1768 secundum
1942 1727 2224 1769 condiciones

1291 1784 1558 1826 essenciales
1605 1785 1808 1827 ordinata
1862 1790 1930 1827 est
1987 1786 2224 1828 laudabilis

1232 1926 1288 1932 —
1319 1902 1456 1944 habet
1493 1902 1604 1944 duas
1640 1903 1862 1955 raciones,
1899 1916 2036 1944 unam
2066 1903 2224 1945 funda-

1289 1965 1383 2003 tam
1412 1961 1459 2002 in
1490 1961 1707 2016 scriptura
1736 1974 1865 2003 sacra
1895 1966 1941 2004 et
1976 1962 2111 2003 aliam
2132 1976 2223 2004 non

1235 2103 1285 2111 —
1319 2092 1410 2120 non
1435 2083 1502 2120 est
1522 2091 1689 2135 magna
1711 2083 1757 2122 et
1777 2080 1833 2121 ab
1857 2079 2047 2122 ecclesia
2067 2092 2224 2135 appro-

1290 2138 1397 2179 bata
1427 2138 1528 2180 497.

1233 2221 1287 2227 —-
1325 2196 1501 2251 privata
1546 2197 1863 2239 monachorum
1904 2202 1949 2240 et
1985 2197 2223 2239 laudabilis

1231 2338 1286 2345 —-
1316 2314 1576 2356 immediata
1605 2313 1735 2356 Cristi
1770 2329 1850 2370 pro
1889 2315 1979 2357 suis
2018 2315 2224 2357 fidelibus

1232 2456 1286 2462 -
1316 2436 1515 2484 terrena,
1549 2431 1656 2487 quia
1687 2432 1816 2474 docet
1846 2433 2054 2488 amplecti
2087 2437 2222 2474 terre-

1289 2490 1397 2532 stria
1429 2492 1498 2532 50.

1234 2572 1282 2579 —
1318 2553 1541 2591 sectarum
1571 2563 1661 2591 non
1687 2549 1861 2605 indiget
1881 2549 2221 2592 confirmacione

1289 2608 1442 2663 papali
1472 2609 1542 2650 20.

1232 2690 1287 2696 -—
1321 2666 1488 2708 Cristus
1520 2670 1565 2708 et
1593 2670 1806 2721 patronus
1840 2667 1908 2708 64.

1230 2749 1287 2755 —
1334 2725 1509 2780 privata
1554 2738 1582 2766 a
1625 2725 1756 2766 sectis
1802 2725 1944 2781 magis
1982 2726 2224 2768 honoratur

1290 2797 1425 2840 quam
1458 2783 1758 2839 ewangelium
1792 2785 1890 2826 140.

1231 2867 1286 2873 -—
1320 2842 1448 2884 Cristi
1480 2843 1660 2884 dimissa
1691 2855 1718 2884 a
1748 2842 1975 2884 monachis
2008 2844 2104 2885 131.

1231 2926 1286 2931 —
1317 2901 1460 2957 magis
1492 2901 1604 2943 dura
1633 2906 1855 2943 sectarum
1890 2902 1986 2943 142.

1232 2984 1285 2990 -—-
1319 2965 1365 3002 et
1393 2961 1569 3015 patroni
1598 2964 1822 3002 sectarum
1859 2961 1928 3002 50.

1230 3043 1287 3049 —
1324 3018 1566 3075 Augustini
1611 3019 1850 3073 compilata
1886 3019 2094 3061 fratribus
2132 3020 2221 3061 suis

1281 3083 1335 3119 61
1365 3077 1494 3119 sociis
1529 3078 1625 3120 173.

1230 3160 1284 3166 —-
1337 3136 1522 3178 fratrum
1573 3136 1793 3177 contraria
1851 3135 1957 3177 fidei
2006 3136 2221 3191 scripture

1290 3195 1479 3250 apostoli
1513 3195 1609 3237 183.

1231 3253 1332 3295 -16
1362 3253 1618 3295 saracenice
1649 3253 1910 3308 compilacio
1946 3254 2042 3295 144.

1232 3335 1285 3342 —
1302 3312 1476 3367 private
1493 3325 1583 3354 non
1591 3312 1778 3353 fundate
1798 3312 1845 3353 in
1854 3312 2110 3354 substancia
2118 3313 2216 3355 525.

1231 3394 1285 3400 —-
1320 3370 1450 3413 Cristi
1480 3371 1703 3426 proteccio
1736 3371 1834 3412 248.

1231 3452 1284 3459 ——-
1319 3429 1449 3471 Cristi
1478 3443 1570 3471 non
1602 3434 1669 3471 est
1697 3428 2040 3485 repugnandum
2072 3430 2170 3472 263.

1231 3488 1379 3590 —llassrp
1410 3501 1536 3530 suam
1568 3493 1688 3530 secte
1709 3487 1964 3543 specialiter
1984 3488 2222 3530 observant
