2528 4074
904 385 1209 426 GENERAL
1240 387 1461 428 INDEX.

162 537 380 578 Innovata
387 533 566 575 cottidie
575 532 760 574 donacio
769 530 1036 572 secularium
1045 531 1142 572 373.

161 591 476 636 Inobediencia
504 591 551 632 in
578 589 823 645 prepositos
854 589 953 630 529.

50 660 72 683 ¹
162 650 437 694 Insensibilis
467 654 514 691 et
539 648 728 690 morales
746 647 872 702 leges
894 645 1024 688 Cristi
1046 647 1143 688 139.

63 701 84 722 ”
162 709 393 752 Insinuare
424 707 656 763 egenciam
686 704 974 747 convivarum
1008 705 1104 747 188.

164 792 217 799 -
249 766 456 822 egencias
487 765 673 807 aliorum
705 765 803 806 188.

164 850 217 858 -
249 824 456 880 egencias
486 836 590 865 suas
623 823 720 865 188.
752 844 754 849 v

115 883 429 939 „Insipiencia
471 881 758 924 fundatorum
795 879 1016 922 dimittere
1053 892 1148 935 per-

220 942 389 984 fectum
417 945 464 983 et
494 941 660 996 eligere
689 939 1000 994 imperfectum
1031 939 1101 981 97.

161 999 411 1044 Insolentes
441 998 694 1041 sacerdotes
724 999 824 1041 368.

161 1058 385 1101 Instancia
413 1057 654 1100 multorum
684 1061 731 1099 et
758 1069 1022 1112 magnorum
1042 1055 1148 1098 fide-

218 1117 326 1158 lium
357 1116 674 1172 exstingweret
703 1115 980 1157 anticristum
1010 1116 1110 1157 400.

71 1166 82 1213 s
163 1201 216 1207 —-
247 1175 504 1231 refugorum
535 1175 634 1218 392.

162 1234 318 1276 -ncie
369 1239 524 1275 contra
573 1233 824 1276 sentencias
875 1232 1148 1288 privatorum

160 1293 317 1393 lugi}
335 1350 466 1392 cristi
499 1355 648 1393 tacere
682 1351 779 1393 179.

162 1409 380 1452 Instinctu
401 1409 581 1464 dyaboli
601 1408 875 1451 mendicacio
895 1408 1149 1450 introducta

105 1551 110 1556 ·
159 1469 477 1569 n01316l3nstituit
506 1526 674 1568 Paulus
704 1504 847 1568 sectas
876 1538 1017 1567 novas
1048 1525 1147 1567 267.

160 1585 402 1628 Instruccio
433 1585 583 1627 ovium
612 1585 755 1626 libera
791 1597 949 1626 secura
980 1588 1025 1626 et
1055 1583 1149 1626 effi-

158 1645 461 1744 Ingssssgffia
508 1702 650 1757 magis
700 1701 881 1744 subtilia
939 1702 1150 1744 sathanas

218 1761 301 1803 sibi
329 1765 538 1816 preparat
568 1761 667 1804 394.
1044 1768 1045 1777 ’

70 1861 75 1864 .
161 1843 215 1850 -
246 1820 304 1861 ad
332 1819 626 1876 pugnandum
655 1820 782 1861 multi
811 1819 981 1861 habent
1010 1821 1111 1864 370.

159 1878 489 1921 Insufficiencia
519 1878 746 1920 divisionis
778 1879 966 1920 ecclesie
999 1880 1097 1921 707.

156 1937 437 1979 Insufficiens
467 1942 536 1979 est
564 1937 750 1979 confusa
779 1937 1008 1979 accusacio
1042 1938 1110 1979 78.

158 1996 409 2052 Integracio
441 1996 628 2038 ecclesie
658 2010 739 2052 per
769 1996 959 2038 Cristum
993 1997 1090 2039 100.

158 2055 398 2110 Integritas
428 2055 536 2096 cleri
567 2055 665 2097 100.

158 2114 521 2156 Intelleccionem
579 2118 856 2156 terrenorum
916 2113 1149 2155 cristianus

216 2173 443 2228 postponit
473 2173 570 2214 125.

70 2229 73 2231 ’
158 2231 443 2273 Intellectiva
471 2231 681 2286 potencia
710 2231 899 2273 hominis
931 2232 1029 2273 211.

96 2331 106 2338 ,
158 2290 419 2332 Intellectus
478 2303 686 2345 suprema
741 2290 950 2346 potencia
999 2294 1150 2332 movet

217 2362 375 2404 corpus
407 2348 465 2390 ad
494 2349 743 2391 subiectum
774 2350 873 2391 211.

161 2431 215 2437 -
247 2420 275 2449 a
304 2407 461 2462 spiritu
491 2407 620 2450 datus
650 2407 761 2450 fides
792 2413 859 2450 est
890 2409 989 2451 213.

161 2490 215 2496 —
248 2466 408 2508 dicitur
436 2466 702 2522 principium
733 2468 832 2509 211.

161 2548 215 2554 -
238 2525 356 2566 dona
377 2538 433 2566 ex
453 2525 681 2581 sapiencia
695 2525 769 2568 dei
783 2525 1031 2581 procedunt
1047 2526 1145 2567 21-2.

157 2587 312 2626 contra
343 2607 397 2613 —-
430 2584 595 2626 donum
627 2584 889 2640 delinquere
922 2585 1021 2626 212.

161 2647 338 2684 -ctum
353 2641 542 2687 hominis
558 2643 734 2699 mitigat
752 2643 970 2699 cogitacio
991 2643 1047 2685 de
1064 2643 1147 2685 deo

161 2784 215 2790 -
248 2760 481 2801 cristianus
512 2760 684 2816 erigere
713 2765 860 2816 potest
893 2762 990 2803 125.

157 2818 375 2874 Intelligit
390 2819 500 2860 deus
507 2819 713 2861 distincte
729 2832 907 2861 sensum
918 2819 1064 2874 script.
1077 2824 1102 2862 7
1108 2821 1146 2862 6.

156 2877 358 2919 Intencio
389 2877 557 2919 munda
585 2878 777 2919 militum
807 2877 938 2920 Cristi
969 2879 1067 2920 604.

159 2960 213 2965 —
253 2936 388 2978 debet
425 2936 484 2978 ad
519 2936 733 2979 honorem
770 2936 844 2979 dei
881 2942 927 2979 et
963 2951 1054 2978 non
1091 2937 1148 2978 ad

216 3000 424 3049 questum
453 2995 766 3051 temporalium
795 2995 1025 3037 terminari
1046 2996 1145 3038 310.

159 3076 214 3082 —
247 3053 365 3096 sedis
394 3067 511 3110 pape
541 3068 650 3096 num
679 3059 803 3096 recta
833 3056 932 3097 560.

159 3112 318 3154 —ione
348 3113 469 3155 mala
497 3113 678 3168 presciti
707 3118 949 3168 operantur
980 3114 1078 3156 560.
1110 3112 1113 3114 ’

157 3171 397 3213 Intendere
428 3171 625 3214 oracioni
653 3172 800 3214 vocali
830 3173 929 3215 346.

159 3253 212 3258 —
246 3230 502 3285 operacioni
523 3231 798 3286 ewangelice
819 3245 920 3273 cum
940 3230 1146 3273 libertate

216 3287 290 3330 dei
325 3290 424 3331 345.

160 3374 206 3380 -
231 3346 446 3389 debemus
462 3347 634 3390 iusticie
647 3348 740 3390 vite
762 3353 808 3390 et
822 3348 1030 3403 operibus
1047 3349 1145 3391 344.

159 3429 212 3434 —
247 3405 493 3448 deleccioni
522 3406 596 3448 dei
628 3407 725 3449 145.

158 3463 327 3506 —dens
357 3465 485 3521 regni
514 3465 818 3521 gubernaculo
841 3465 976 3508 debet
1002 3465 1146 3521 provi—

216 3522 322 3566 dere
353 3523 647 3579 presbiterum
676 3523 750 3566 vel
781 3529 984 3566 curatum
1016 3525 1114 3568 275.

157 3581 373 3624 —dentes
403 3582 499 3624 ocio
533 3583 629 3625 120.

2105 393 2208 441 775

1233 531 1462 572 Intercisio
1493 531 1695 586 decalogi
1725 531 2034 573 mandatorum
2069 534 2165 576 119.

1233 589 1435 630 Inter-imi
1464 589 1621 642 nequit
1649 589 1973 643 predestinacio
2006 592 2104 633 457.

1233 647 1501 688 Interiorum
1530 646 1771 699 hominum,
1804 648 1881 702 qui
1900 649 2148 702 perduntur
2167 650 2225 691 ad

1293 708 1523 756 tartarum,
1540 705 1788 759 periculum
1796 706 2040 747 maximum
2048 713 2116 749 est
2125 709 2222 750 398.

1235 763 1282 804 in
1319 763 1510 804 Interitu
1548 763 1825 805 inimicorum
1857 763 2024 806 Cristus
2064 765 2226 807 ridebit

1236 879 1614 921 Interlocuciones
1660 884 1706 922 et
1741 880 2074 935 predicaciones
2112 882 2223 924 false

1296 943 1517 980 sectarum
1549 939 1618 980 68.

1237 997 1294 1039 ad
1315 997 1698 1052 Inter-pellandum
1721 997 1886 1040 Oristus
1916 1012 2093 1054 semper
2111 1004 2228 1041 astat

1236 1115 1558 1169 Interpretacio
1588 1115 1804 1157 anticristi
1834 1117 1934 1158 699.

1238 1196 1293 1203 —
1325 1173 1506 1227 dyaboli
1537 1174 1636 1216 362.

1236 1232 1507 1274 Intoxicacio
1539 1232 1646 1274 cleri
1676 1233 1775 1274 575.

1240 1314 1294 1320 —
1327 1291 1490 1332 cesaris
1520 1291 1567 1331 in
1597 1290 1743 1332 hostia
1772 1295 2031 1332 consecrata
2062 1292 2161 1334 227.

1236 1350 1409 1390 Intrare
1440 1354 1607 1390 sectam
1636 1350 1741 1390 Iesu
1773 1349 1902 1390 Cristi
1933 1350 2031 1392 314.

1238 1412 1344 1449 -at
1373 1412 1527 1449 auctor
1555 1408 1602 1448 in
1632 1407 1819 1449 aliorum
1849 1408 2024 1450 labores
2056 1409 2125 1450 92.

1236 1466 1504 1508 Intricantes
1535 1466 1770 1508 ecclesiam
1800 1467 1960 1508 fratres
1991 1469 2062 1511 94.

1236 1525 1517 1567 Introduccio
1549 1525 1752 1566 ordinum
1781 1525 1915 1580 quale
1947 1525 2083 1567 habet
2117 1527 2229 1581 peri-

1297 1584 1449 1625 culum
1481 1585 1580 1626 227.

1239 1666 1291 1672 -
1303 1642 1507 1684 ordinum
1524 1648 1836 1684 extraneorum
1855 1642 1913 1684 ad
1928 1643 2147 1685 unitatem
2157 1645 2227 1685 99.

1239 1725 1293 1731 -
1325 1701 1511 1743 fratrum
1541 1702 1588 1742 in
1619 1702 1856 1743 ecclesiam
1888 1703 1958 1744 94.

1237 1760 1482 1802 secundum
1519 1774 1677 1802 -nem
1714 1760 1868 1816 legum
1898 1761 2127 1816 papalium
2157 1762 2231 1803 lex

1297 1819 1465 1860 domini
1495 1824 1562 1861 est
1589 1832 1806 1874 suspensa
1835 1820 1935 1861 277.

1236 1878 1498 1920 Introducta
1527 1878 1684 1934 religio
1715 1883 1782 1920 est
1805 1878 2076 1920 condicionis
2097 1892 2228 1934 oppo-

1295 1937 1379 1979 site
1411 1938 1510 1979 334.

1239 2000 1367 2037 —cte
1398 1995 1558 2037 stolide
1589 2001 1709 2037 secte
1741 1996 1840 2038 368.

1222 2055 1449 2096 Introitus
1480 2054 1769 2096 demoniacus
1799 2055 1845 2095 in
1877 2055 2053 2096 ordines
2086 2056 2154 2097 72.

1240 2137 1294 2143 —
1312 2113 1370 2155 ad
1384 2113 1662 2155 locucionem
1679 2126 1795 2168 pape
1813 2114 2029 2155 emendus
2046 2120 2113 2156 est
2128 2114 2227 2156 691.

1237 2172 1538 2214 Intromittere
1579 2186 1626 2214 se
1659 2172 1715 2214 de
1745 2171 1951 2214 humanis
1980 2173 2155 2229 legibus
2186 2178 2232 2215 et

1298 2231 1597 2273 contractibus
1631 2232 1728 2273 169.

1237 2289 1510 2332 Invadentes
1540 2290 1719 2346 Anglici
1748 2290 2008 2332 Flandriam
2040 2292 2139 2333 396.

1236 2349 1480 2391 Invalescit
1508 2354 1744 2404 peccatum
1776 2349 1980 2391 ordinum
2012 2351 2110 2391 213.

1236 2408 1444 2449 Inveccio
1474 2421 1565 2449 non
1595 2408 1712 2463 sapit
1740 2408 1972 2451 caritatem
2004 2410 2073 2450 89.

1239 2490 1293 2495 —
1325 2467 1372 2507 in
1402 2471 1546 2508 sectas
1577 2467 1676 2509 298.

1239 2549 1292 2554 -
1325 2526 1554 2581 supposita
1585 2527 1654 2567 89.

1236 2584 1457 2626 Invehere
1474 2584 1639 2626 debent
1654 2583 1809 2626 fideles
1825 2589 1981 2626 contra
1996 2589 2140 2626 sectas
2158 2586 2227 2626 89.

1243 2666 1286 2673 —-
1328 2643 1559 2685 caritative
1590 2643 1637 2684 in
1667 2648 1812 2685 sectas
1843 2645 1912 2685 99.

1236 2702 1482 2744 Inveterati
1490 2702 1671 2756 dyaboli
1685 2708 1789 2744 sunt
1804 2702 2229 2758 cuiusmodicunqne

1297 2761 1477 2815 presciti
1510 2762 1610 2803 363.

1234 2819 1411 2862 Invidia
1442 2818 1624 2874 dyaboli
1659 2820 1864 2876 prohibet
1900 2833 2040 2861 unum
2071 2833 2229 2875 corpus

1297 2878 1638 2934 dampnatorum
1670 2884 1715 2921 et
1745 2879 2016 2921 salvatorum
2048 2879 2146 2921 328.

1238 2961 1292 2966 —
1325 2938 1371 2978 in
1401 2938 1533 2979 sectis
1564 2938 1634 2980 23.

1238 2996 1367 3038 ——die
1398 3010 1479 3052 per
1508 2996 1699 3052 collegia
1728 2997 2014 3038 cumulantur
2045 2997 2144 3038 271.

1238 3079 1291 3084 -—
1323 3056 1573 3097 subiectum
1602 3056 1795 3110 primum
1826 3055 2036 3097 sathanas
2068 3057 2166 3097 395.

1234 3114 1518 3156 Inviscantur
1547 3114 1753 3156 monachi
1783 3128 1884 3156 cum
1910 3114 2229 3169 temporalibus

1234 3231 1432 3273 Involuti
1460 3232 1506 3272 in
1536 3231 1683 3272 heresi
1714 3231 1895 3285 dyaboli
1925 3236 2030 3273 sunt
2060 3232 2159 3274 363.

1233 3290 1280 3331 in
1310 3290 1701 3332 Irracionabilibus
1730 3291 1876 3332 verbis
1915 3291 2043 3332 multi
2072 3303 2228 3346 perpe-

1292 3353 1413 3390 trant
1442 3348 1728 3390 homicidium
1762 3350 1859 3391 121.

1237 3407 1395 3449 —liter
1425 3408 1612 3463 obligari
1643 3407 1895 3449 hominibus
1930 3409 2026 3450 185.

1233 3466 1508 3522 Irregulares
1539 3470 1642 3508 sunt
1672 3472 1792 3508 secte
1824 3468 1893 3509 63.

1233 3525 1546 3580 Irregularitas
1576 3526 1623 3566 in
1653 3525 1957 3567 sacerdotibus
1990 3527 2089 3568 607.

1234 3584 1399 3626 Irretiti
1430 3585 1588 3626 fiatres
1621 3586 1689 3626 51.
