2528 4074
362 391 463 439 832

359 528 662 570 Subtrahenda
699 530 1035 571 communicacio
1075 535 1120 572 et
1154 536 1318 586 tempo-

416 585 506 627 rale
537 586 790 641 suffragium
820 600 847 627 a
875 588 1038 643 Magog
1067 589 1165 630 400.

359 642 591 684 Subversio
621 643 723 684 fidei
752 657 830 698 per
858 657 1016 698 papam
1047 646 1144 687 601.

358 700 478 740 -310
507 705 722 741 sectarum
751 701 933 742 subdola
963 703 1030 744 89.

358 757 644 798 Subversivus
692 771 924 813 regnorum
974 764 1040 800 est
1087 760 1318 802 thezaurus

414 814 594 855 fratrum
625 815 720 856 253.

357 869 625 912 Subvertunt
659 872 813 912 fratres
848 877 983 913 totam
1013 873 1242 914 ecclesiam
1271 874 1316 914 in

413 927 498 969 fide
527 929 623 970 255.

356 984 626 1026 Suffereneia
654 997 886 1026 avarorum
919 987 1012 1027 196.

356 1041 633 1082 Sufficiencia
662 1042 884 1083 divisionis
914 1042 1101 1084 ecclesia
1132 1044 1227 1085 705.

355 1121 409 1127 -
440 1098 660 1152 religionis
690 1098 818 1140 Cristi
846 1100 914 1140 26.

355 1154 583 1196 Sufficiens
613 1156 839 1196 servancia
867 1156 1172 1198 mandatorum
1218 1159 1313 1199 116.

354 1211 523 1252 Sufficit
552 1211 713 1253 Cristus
742 1226 821 1266 per
857 1226 903 1254 se
932 1218 1030 1267 post
1066 1215 1314 1256 missionem

411 1269 584 1322 spiritus
613 1271 752 1310 sancti
781 1271 878 1312 257.

356 1348 408 1355 -
438 1338 516 1379 per
543 1339 590 1367 se
620 1331 740 1368 secta
770 1327 896 1368 Cristi
925 1328 1022 1370 229.

354 1382 546 1424 —iciunt
558 1388 725 1438 septem
740 1384 856 1426 dona
872 1385 1045 1439 spiritus
1063 1387 1203 1427 sancti
1217 1387 1313 1428 226.

353 1439 652 1482 Suffodiuntur
678 1446 797 1483 secte
826 1448 976 1484 contra
1002 1443 1234 1497 planiciem
1254 1444 1315 1485 le-

440 1497 475 1538 is
505 1497 576 1538 dei
609 1499 702 1539 137.

353 1511 590 1609 Suffi’ragari
618 1560 720 1596 sunt
747 1556 943 1609 impediti
969 1557 1224 1599 claustrales
1243 1559 1313 1600 49.

352 1611 615 1666 Suffragium
645 1613 868 1666 spirituale
899 1614 967 1655 39.

354 1692 406 1698 -
436 1669 661 1722 spirituale
690 1669 870 1710 fratrum
899 1672 968 1712 47.

352 1725 451 1766 —ia
480 1726 731 1767 oracionum
760 1728 856 1768 347.

351 1806 405 1811 ——
434 1784 658 1824 nominata
686 1797 775 1825 11011
803 1784 955 1826 valent
984 1786 1081 1827 593.

350 1862 406 1869 -
436 1840 545 1881 false
573 1839 676 1882 ficta
707 1842 802 1883 149.

351 1897 546 1938 —iorum
574 1898 863 1952 spiritualium
892 1899 1033 1940 forum
1064 1901 1160 1942 146.

350 1953 553 1996 Suffulsio
584 1955 856 1997 dominorum
886 1961 931 1998 et
950 1957 1221 1998 dominarum
1243 1958 1310 2000 72.

349 2011 582 2066 Suggestio
611 2017 827 2054 sectarum
860 2015 955 2055 196.

348 2068 551 2110 811111111113
579 2082 658 2111 1·οΧ
688 2074 754 2111 031
784 2070 946 2112 Cristus
977 2073 1075 2113 328.

349 2125 612 2180 Sumptuosa
642 2127 813 2168 edificia
840 2129 1022 2170 flatrum
1053 2131 1148 2171 193.

353 2209 407 2215 —
439 2183 591 2225 domus
620 2184 800 2226 fratrum
830 2186 898 2227 39.

354 2263 407 2269 —
438 2241 590 2282 domus
618 2241 799 2283 fratrum
829 2255 883 2284 ex
902 2243 1065 2297 rapinis
1083 2244 1314 2286 subtilibus

352 2368 483 2396 —ose
503 2359 548 2396 et
576 2356 843 2398 contentiose
862 2357 1076 2410 laborant,
1097 2363 1147 2400 ut
1167 2359 1312 2401 docto-

406 2417 558 2453 rentur
586 2413 743 2455 fratres
773 2415 841 2455 53.

351 2468 556 2524 Sumptus
594 2475 713 2512 secte
741 2475 896 2525 quarte
926 2473 1148 2514 excedunt
1172 2473 1311 2514 reddi·

406 2532 476 2567 tus
505 2528 672 2568 comitis
701 2532 746 2569 et
775 2528 896 2569 ducis
926 2530 1022 2571 253.

351 2606 406 2613 —-
436 2584 767 2626 extraordinarii
793 2586 975 2627 flatrum
1005 2589 1073 2628 28.

350 2640 652 2694 Superaddere
688 2642 854 2696 aliquid
883 2643 975 2699 legi
1001 2644 1072 2686 dei
1095 2659 1186 2686 non
1210 2645 1314 2687 licet

350 2753 567 2808 Superant
594 2754 749 2797 fratres
778 2755 930 2798 fideles
947 2757 1148 2799 clamosis
1167 2758 1315 2799 verbis

351 2867 499 2910 —avit
527 2869 871 2910 concomitancia
898 2871 1132 2912 mulierum
1162 2874 1231 2914 55.

349 2927 551 2968 —abitur
578 2925 769 2968 finaliter
797 2926 1010 2980 dyabolus
1040 2930 1136 2970 328.

350 2984 546 3024 —andus
590 2988 656 3024 est
690 2984 826 3027 falsus
862 2984 1062 3027 dominus
1101 3000 1201 3027 cum
1230 3000 1310 3028 sua

403 3041 504 3096 lege
535 3045 580 3082 et
607 3041 812 3082 membris
843 3043 940 3083 698.

348 3097 561 3152 Superbia
587 3110 666 3151 pes
695 3103 761 3139 est
778 3098 1020 3141 inducens
1007 3114 1055 3141 111
1073 3101 1190 3142 vicia
1209 3103 1306 3143 677.

351 3178 403 3183 -
434 3160 480 3196 et
507 3154 720 3218 cupiditas
748 3160 970 3210 pastorum
999 3158 1097 3200 672.

350 3235 403 3241 -
433 3213 669 3266 primorum
697 3218 928 3266 parentum
947 3214 1205 3257 intoxicavit
1232 3229 1306 3271 ge·

404 3283 486 3310 nus
514 3269 753 3310 humanum
782 3271 879 3312 594.

350 3349 402 3355 -
431 3327 730 3380 presumptiva
754 3327 1020 3380 prelatorum
1049 3330 1147 3372 303.

349 3405 403 3412 —
430 3384 717 3425 tumefactiva
743 3397 833 3425 non
862 3389 928 3426 est
954 3386 1137 3439 pacifica
1165 3388 1262 3429 396.

347 3440 660 3482 —luciferina
694 3453 792 3482 raro
821 3442 894 3483 vel
922 3455 1148 3497 nunquam
1177 3444 1306 3486 sectis

404 3496 550 3538 deficit
577 3498 674 3538 273.

1086 391 1383 431 GENERAL
1413 392 1630 433 INDEX.

1405 531 1617 588 Superbia
1643 534 1873 576 luciferina
1891 536 2004 577 foret
2029 537 2270 581 hereticare
2297 552 2364 581 re-

1432 591 1607 646 ginam
1635 592 1796 647 Anglie
1829 594 1922 634 168.

1403 669 1457 677 -
1488 653 1704 690 sectarum
1738 650 1880 691 invais
1907 649 2034 692 lescit
2060 651 2108 692 in
2135 657 2360 706 pei-sontu—

1458 705 1676 747 mentibus
1705 708 1774 748 43.

1403 762 1531 803 —bie
1556 765 1720 804 ventus
1751 764 1818 805 72.

1403 819 1575 860 —biam
1606 834 1653 861 os
1683 820 1864 862 fratrum
1891 821 2084 876 loquitur
2113 823 2182 865 66.

1401 889 1668 943 Superbiunt
1716 896 1835 933 secte
1886 892 1942 934 de
1985 893 2254 936 excellencia
2295 895 2364 935 3111

1458 951 1596 987 status
1624 952 1849 1001 tamquam
1876 949 1923 990 in
1951 950 2125 993 domate
2157 952 2254 993 396.

1400 1003 1622 1057 Superbus
1649 1016 1767 1058 papa
1797 1006 1892 1047 127.

1400 1059 1810 1115 Supererogacionis
1837 1067 1975 1104 status
2003 1065 2100 1106 514.

1400 1117 1608 1171 Superest
1653 1118 1786 1159 nichil
1831 1120 1992 1174 populo
2038 1121 2232 1164 invalido
2279 1123 2365 1164 nisi

1457 1174 1706 1216 mendicare
1736 1177 1833 1217 367.
1958 1207 1964 1211 -

1402 1231 1632 1286 Superflua
1661 1245 1856 1286 expensa
1882 1234 2065 1276 fratrum
2095 1237 2191 1278 19ὃέ

1402 1312 1455 1318 -
1487 1294 1745 1330 ornamenta
1775 1291 1870 1332 143.

1402 1359 1484 1387 —e
1515 1350 1560 1387 et
1589 1346 1775 1388 delende
1805 1353 1908 1389 sunt
1933 1354 2052 1390 secte
2081 1350 2150 1414 29.

1401 1426 1455 1432 —-
1485 1404 1660 1444 omnino
1689 1410 1807 1446 secte
1838 1406 1905 1447 71.

1402 1483 1455 1489 -
1486 1465 1531 1501 01
1558 1461 1714 1502 nocive
1744 1467 1862 1504 secte
1889 1467 1992 1504 sunt
2021 1465 2118 1506 353.

1401 1531 1532 1558 —um
1575 1522 1642 1559 est
1685 1524 1808 1560 extra
1850 1525 2018 1574 septem
2047 1520 2165 1562 dona
2196 1520 2361 1564 discere

1399 1631 1638 1686 Superfluit
1680 1633 1842 1675 addere
1886 1647 2023 1676 novas
2066 1640 2208 1677 sectas
2242 1641 2361 1678 30010

1458 1689 1586 1730 Cristi
1618 1690 1717 1732 229.

1398 1759 1682 1815 Superfluitas
1712 1765 1758 1802 et
1785 1762 1982 1805 defectus
2009 1764 2205 1818 parcium
2234 1765 2331 1807 352.

1399 1840 1453 1847 —
1485 1818 1646 1859 ordinis
1676 1819 1773 1860 300.

1401 1897 1455 1904 -
1486 1879 1725 1930 stercorum
1753 1889 1867 1931 pape
1898 1877 1996 1919 687.

1400 1954 1454 1961 -
1487 1937 1532 1973 01
1560 1933 1760 1974 ociositas
1788 1934 2015 1975 ministerii
2045 1935 2141 1977 197.

1402 2012 1455 2018 -
1486 1994 1702 2030 sectamm
1733 1992 1800 2032 26.

1401 2070 1454 2076 —
1475 2047 1664 2088 vestium
1683 2048 1796 2102 pixis
1813 2049 2038 2090 literarum
2056 2049 2274 2092 mendacii
2291 2051 2360 2094 28.

1399 2109 1613 2146 m—tate
1631 2105 1824 2159 parcium
1845 2119 2000 2161 corpus
2017 2119 2202 2161 peccare
2219 2112 2364 2176 potest

1402 2223 1572 2260 —tates
1619 2219 1876 2262 intrinsecas
1923 2221 2118 2263 medicus
2173 2227 2362 2264 evacuat

1399 2307 1797 2399 Suberliabundans
1825 2334 1975 2389 gracia
2003 2347 2059 2376 ex
2083 2335 2246 2378 virtute
2263 2349 2360 2391 pas-

1456 2390 1588 2431 sionis
1621 2392 1716 2433 123.

1399 2446 1640 2501 Superioris
1686 2448 1869 2490 ecclesie
1912 2449 2173 2491 correccioni
2207 2450 2363 2492 Wiclif
2454 2504 2456 2509 Ι

1455 2517 1502 2545 30
1532 2506 1762 2547 committit
1789 2506 1826 2546 si
1854 2511 1969 2547 errat
1997 2508 2095 2548 255.

1404 2574 1524 2602 —res
1554 2563 1738 2604 ecclesie
1767 2563 1824 2604 ad
1853 2563 2122 2618 spiritualem
2159 2565 2357 2607 elemosi-

1452 2631 1556 2659 nam
1585 2620 1726 2675 magis
1755 2620 1919 2662 debent
1945 2621 2176 2664 attendere
2206 2623 2303 2665 310.

1396 2689 1683 2743 Superioritas
1703 2692 1977 2733 sacerdotum
1997 2696 2042 2734 et
2056 2692 2355 2748 episcoporum

1395 2803 1746 2858 Supematuralis
1773 2805 1911 2847 virtus
1940 2807 2009 2848 28.

1396 2861 1522 2902 —ale
1551 2862 1776 2904 vinculum
1807 2864 1902 2906 162.

1394 2917 1656 2972 Supersticio
1685 2920 2030 2974 sompniancium
2060 2934 2149 2963 11011
2184 2921 2355 2963 seducit

1450 2976 1642 3030 aliquem
1671 2978 1768 3019 509.

1393 3031 1684 3087 Superstitum
1726 3035 1863 3076 verba
1890 3034 2053 3077 debent
2087 3035 2269 3078 tendere
2297 3036 2355 3077 ad

1449 3090 1678 3132 comodum
1708 3092 1892 3134 ecclesie
1922 3093 2018 3135 149.

1393 3146 1648 3202 Supponere
1677 3149 1783 3203 quid
1813 3154 1879 3191 est
1909 3150 2007 3192 176.

1390 3204 1437 3244 111
1480 3205 1619 3246 —sito
1670 3206 1862 3248 secundo
1913 3207 2053 3248 omnis
2068 3213 2072 3218 '
2090 3219 2224 3249 causa
2259 3208 2354 3249 veri

1449 3262 1606 3303 amoris
1635 3264 1858 3317 veperitur
1889 3265 1984 3306 164.

1392 3317 1579 3374 Surgere
1608 3320 1754 3362 media
1781 3320 1828 3361 111
1855 3326 1984 3363 110010
2013 3320 2120 3375 517;
2151 3322 2248 3364 536.

1391 3387 1623 3444 81130οΡοἰ0
1660 3390 1970 3434 satisfaccionis
2003 3393 2205 3447 parcialis
2241 3397 2349 3434 tam-

1421 3473 1425 3475 -
1448 3459 1580 3500 quam
1627 3449 1888 3490 sacramenti
1933 3449 2178 3504 imperfecti
2223 3449 2346 3491 satis-

1447 3504 1652 3546 faccionis
1681 3504 1809 3546 Cristi
1837 3507 1934 3548 510.
