2528 4074
883 410 1187 451 GENERAL
1219 410 1439 450 INDEX.

144 560 286 615 Culpa
322 558 600 619 dominorum
645 557 852 600 fratribus
897 559 965 597 est
999 555 1126 596 ascri-

201 617 348 660 benda
378 617 475 659 255.

145 701 198 708 -
229 680 449 719 sectarum
479 677 548 718 93.

75 731 79 736 ’
145 759 199 766 --
230 734 414 776 fratrum
459 736 671 790 gravatur
718 731 765 772 in
814 729 977 773 ficticia
1021 729 1127 772 Gru-

200 793 316 835 ciate
348 792 417 834 20.

146 864 400 920 culpabiles
430 867 533 906 sunt
561 863 671 904 ritus
690 861 738 903 in
757 834 910 904 multis
927 862 1128 917 partibus

145 923 397 1037 Gulssilndus
436 985 504 1023 est
539 979 670 1022 homo
710 993 812 1022 cum
848 993 1001 1036 pugno
1030 992 1128 1035 per-

204 1040 381 1082 cuciens
413 1040 512 1082 326.

144 1099 258 1140 —da
287 1102 355 1140 est
383 1098 541 1154 quevis
579 1109 772 1153 persona
807 1096 1022 1152 colligens
1052 1110 1128 1138 no-

199 1170 302 1200 vam
331 1162 499 1198 sectam
530 1157 599 1199 24.

51 1235 63 1254 .·
142 1230 230 1258 non
259 1215 455 1257 ——ndum
482 1228 580 1258 esse
598 1219 741 1257 totum
761 1227 920 1270 corpus
938 1227 1018 1268 pro
1039 1213 1130 1255 cul-

200 1274 337 1330 pabili
365 1275 504 1329 partis
534 1287 669 1329 opere
699 1273 882 1329 fingitur
911 1273 1010 1314 325.

47 1367 59 1383 ,
144 1333 276 1375 -“11ᾶ1
318 1337 423 1374 sunt
459 1333 635 1375 ordines
671 1331 918 1374 secundum
954 1335 1129 1386 partem

201 1391 416 1434 facientes
448 1392 546 1435 326.

144 1454 278 1506 —pat
305 1450 482 1493 ordines
510 1449 771 1507 ignorancia
809 1453 855 1491 et
897 1448 1129 1504 ingratitu—

53 1589 69 1603 ω
106 1566 111 1571 ’
142 1508 470 1611 0133186111311115
499 1567 672 1610 romani
702 1565 898 1622 episcopi
928 1567 1030 1609 333.

35 1623 41 1678 s
70 1624 89 1651 5⁵
142 1640 369 1696 Cupiditas
397 1641 576 1683 honoris
606 1639 823 1682 mundani
845 1644 890 1682 et
908 1644 1127 1695 tempora-

200 1700 309 1741 lium
338 1700 385 1740 in
413 1712 534 1755 papa
563 1700 663 1743 590.

142 1782 196 1789 -
229 1763 274 1800 61;
303 1759 511 1813 superbia
539 1763 768 1814 pastorum
800 1758 899 1800 672.

20 1842 24 1848 ›
141 1816 311 1872 Cupido
340 1817 528 1859 fratrum
558 1819 627 1860 53.

70 1910 80 1920 .
142 1889 303 1918 —nem
330 1876 643 1932 temporalium
674 1875 888 1931 ampliare
920 1873 1018 1916 527.

142 1935 267 1976 -nis
294 1939 572 1978 terrenorum
603 1934 734 1977 ardor
763 1935 833 1977 71.

30 1988 49 2034 ··’,
71 2047 73 2050 y
143 1993 262 2036 Cura
290 1994 530 2049 spiritualis
561 1994 710 2036 anime
745 1994 841 2036 133.

0 2086 2 2088 v
28 2079 67 2092 ·-
142 2066 330 2110 Curatus
358 2068 490 2109 nimis
519 2067 740 2122 ydioticus
780 2067 838 2109 ad
874 2066 1127 2109 ducendum

198 2127 414 2182 populum
447 2127 545 2170 133.

140 2208 193 2215 —
227 2185 362 2228 debet
379 2185 535 2228 vivere
556 2185 612 2228 de
633 2185 815 2228 decimis
835 2184 996 2227 strictis
1029 2184 1126 2226 132.

29 2243 38 2264 ·’
59 2248 63 2270 ῑ
140 2249 242 2286 —to
271 2245 378 2287 licet
407 2244 464 2286 de
495 2245 836 2300 quibuscunque
862 2243 1013 2300 regnis
1040 2242 1128 2284 fru-

197 2308 294 2346 ctus
323 2303 555 2359 percipere
584 2305 684 2347 458.

19 2375 69 2422 23>
141 2362 232 2404 —ti
259 2362 543 2419 negligentes
572 2376 725 2405 curam
745 2361 996 2404 animarum
1028 2362 1128 2404 130.

139 2443 196 2451 —-
226 2421 474 2463 residentes
502 2421 550 2463 in
581 2422 705 2464 curia
732 2433 850 2477 pape
883 2420 980 2462 130.

63 2497 67 2502 ·
141 2502 195 2509 —
227 2483 390 2536 gerunt
407 2480 554 2522 vicem
573 2481 792 2523 maiorum
813 2479 1130 2534 discipulorum

200 2539 498 2581 excellencius
536 2553 672 2596 quam
711 2538 933 2594 simplices
986 2551 1129 2580 sacer-

200 2597 326 2640 dotes
357 2599 457 2640 506.

15 2711 19 2723 ¹
58 2651 59 2654 ¹
143 2679 197 2686 —-
243 2656 518 2699 custodirent
574 2656 621 2697 in
671 2656 834 2698 exteris
890 2655 1129 2711 provinciis

201 2728 308 2758 oves
337 2728 559 2771 pauperes
594 2716 691 2769 130.

0 2749 14 2791 ὃ
141 2775 254 2816 —tis
282 2774 503 2816 ruralibus
534 2773 684 2816 deficit
712 2774 972 2829 frequenter
1001 2773 1130 2829 copia

197 2833 478 2876 sacerdotum
506 2833 724 2875 habilium
754 2833 856 2876 512.

140 2905 274 2948 Curia
303 2906 440 2948 servit
469 2906 585 2962 patri
615 2906 900 2948 dissensionis
931 2906 1033 2949 550.

43 2982 69 3015 .·'
141 2988 197 2996 —
228 2965 336 3007 facit
364 2965 412 3006 in
442 2965 633 3008 ecclesia
662 2965 805 3006 multa
833 2965 953 3006 bona
984 2965 1082 3007 560.

16 3032 18 3034 “
58 3030 60 3035 ’
141 3047 196 3054 -
226 3036 412 3066 romana
441 3024 586 3067 forum
616 3023 872 3067 mercandie
903 3024 1003 3066 564.

144 3095 412 3184 —drorggrgia
447 3088 677 3139 tamquam
714 3082 877 3139 refuga
907 3082 1130 3124 detestan—

231 3154 260 3184 a
379 3170 393 3184 .

0 3189 5 3234 ζ
51 3195 63 3238 ζέ
142 3223 191 3231 -
227 3213 412 3243 romana
440 3199 488 3241 in
516 3199 615 3242 loco
644 3199 997 3255 prophanissimo
1029 3201 1128 3242 670.

139 3285 193 3291 -
225 3272 408 3301 romane
440 3258 719 3314 dispensacio
749 3260 850 3302 468.

0 3325 6 3334 ·’
67 3352 70 3354 .
139 3317 197 3360 ad
236 3318 383 3359 -iam
428 3317 578 3359 clerici
616 3317 826 3360 deferunt
867 3317 1130 3360 thezaurum

197 3390 326 3419 suum
357 3377 460 3419 244.

140 3435 187 3476 in
218 3436 320 3477 —ia
348 3447 465 3490 pape
496 3435 638 3477 curati
666 3434 864 3477 resident
895 3435 992 3477 130.

58 3517 61 3525 ⁴
142 3493 354 3537 Custodia
384 3494 535 3535 stricta
563 3494 611 3535 in
639 3493 958 3549 temporalibus
993 3494 1088 3537 134.

2085 414 2191 462 743

1679 547 1741 595 I).

1217 669 1546 724 Dampnabitur
1574 683 1706 711 nemo
1730 670 1816 711 nisi
1836 670 1970 712 fuerit
1990 670 2206 724 dyabolus

1275 729 1531 770 incarnatus
1563 729 1668 783 3613
1702 730 1800 770 362.

1219 787 1374 828 —nati
1403 791 1518 840 sunt,
1552 788 1629 842 qui
1659 787 1869 829 deserunt
1889 791 2057 829 sectam
2078 786 2208 829 Cristi

1220 929 1275 934 —
1307 917 1397 945 non
1428 903 1628 960 gaudent
1656 918 1734 959 pro
1765 904 1910 946 beatis
1941 905 2040 946 327.

1222 985 1275 993 -
1309 968 1354 1004 et
1390 963 1552 1005 salvati
1588 968 1692 1005 sunt
1727 977 1868 1004 unum
1899 975 2041 1019 genus
2070 962 2208 1004 homi-

1277 1035 1387 1063 num
1419 1023 1517 1064 327.

1221 1104 1275 1111 —
1307 1080 1509 1122 homines
1538 1095 1655 1122 unus
1685 1081 1816 1122 homo
1847 1085 1952 1122 sunt
1981 1081 2080 1123 328.

1221 1163 1275 1169 -—-
1307 1140 1450 1181 beatis
1480 1139 1717 1194 proficiunt
1740 1140 1840 1182 329.

1221 1222 1275 1228 —
1307 1198 1354 1239 in
1383 1199 1560 1240 tartaris
1589 1203 1693 1240 sunt
1721 1211 1833 1253 pure
1863 1198 2040 1253 spiritus
2072 1199 2171 1240 363.

1221 1281 1275 1287 —
1306 1269 1471 1311 penam
1501 1257 1670 1299 habent
1700 1257 1756 1299 de
1779 1257 1955 1313 gaudiis
1975 1257 2210 1299 beatorum

1223 1398 1275 1403 —
1307 1374 1470 1415 mortui
1499 1379 1604 1415 sunt
1633 1379 1792 1430 gentes
1824 1375 1924 1416 257.

1220 1457 1273 1462 —
1307 1433 1403 1474 sine
1435 1432 1588 1474 ordine
1619 1433 1869 1488 puniuntur
1898 1434 2003 1475 453-

1221 1515 1275 1521 —
1306 1491 1576 1546 participant
1605 1491 1850 1547 gravedine
1879 1505 1997 1547 pene
2029 1493 2128 1534 351.

1220 1574 1273 1579 —
1291 1550 1561 1606 participant
1575 1563 1694 1605 pena
1709 1563 1889 1592 suarum
1899 1551 2100 1606 parcium
2110 1551 2210 1593 326.

1220 1609 1276 1651 de
1301 1613 1533 1651 —atorum
1554 1609 1868 1664 punicionibus
1890 1609 2105 1666 gaudium
2135 1608 2212 1650 ha-

1278 1668 1388 1710 bent
1416 1668 1579 1711 salvati
1610 1669 1708 1710 331.

1220 1727 1397 1769 -ando
1456 1732 1523 1769 est
1576 1727 1784 1783 accepcio
1828 1740 2119 1783 personarum
2164 1727 2212 1768 in

1279 1786 1543 1841 spoliatione
1573 1799 1823 1842 pauperum
1855 1788 1924 1829 54.

1220 1845 1666 1900 adDampnacionem
1675 1845 1903 1888 maledicti
1910 1845 2101 1887 ordinati
2111 1845 2209 1887 146.

1221 1904 1276 1946 de
1338 1904 1534 1945 ——cionis
1582 1905 1780 1959 periculo
1839 1909 1963 1946 secta
2022 1903 2209 1946 fratrum

1280 1967 1490 2018 suspecta
1522 1964 1620 2005 180.

1219 2022 1301 2064 sub
1331 2022 1528 2064 —cionis
1556 2035 1675 2077 pena
1693 2022 1891 2064 remissio
1912 2022 2087 2078 peccati
2115 2035 2214 2077 per-

1278 2081 1393 2123 tinet
1425 2082 1522 2123 165.

1218 2139 1511 2195 Dampnifere
1543 2144 1589 2181 et
1618 2140 1805 2181 moleste
1836 2144 1956 2182 secte
1989 2140 2088 2182 302.
2237 2187 2241 2191 ,

1218 2198 1608 2254 Dampnificantur
1645 2199 1848 2241 extranei
1887 2212 1943 2240 ex
1980 2199 2213 2241 continua-

1278 2258 1406 2300 cione
1437 2263 1559 2300 secte
1591 2258 1690 2300 271.

1218 2330 1309 2358 non
1350 2315 1513 2358 -ficat
1549 2317 1771 2372 reliquum
1801 2330 1942 2358 unum
1962 2318 2212 2359 membrum

1277 2375 1407 2431 regni
1438 2377 1538 2418 242.

1218 2435 1477 2489 Dampnum
1509 2434 1660 2476 delicti
1679 2435 1726 2475 in
1745 2447 1983 2490 personam
2005 2435 2089 2477 deo
2110 2435 2215 2476 sub·

1279 2494 1418 2535 ditam
1448 2498 1662 2535 retortum
1693 2495 1792 2535 418.

1221 2576 1274 2583 —
1306 2553 1553 2607 temporale
1583 2553 1845 2608 plebeorum
1879 2554 1976 2595 196.

1219 2635 1274 2641 -
1307 2611 1539 2666 spirituale
1571 2612 1759 2654 ecclesie
1794 2613 1891 2654 196.

1220 2695 1273 2700 —-
1307 2670 1537 2725 spirituale
1569 2671 1638 2712 28.

1219 2730 1277 2771 ad
1298 2753 1353 2759 —
1372 2729 1520 2770 anime
1541 2734 1819 2771 terrenorum
1840 2729 2089 2772 cumulacio
2105 2743 2214 2785 sepe

1278 2788 1428 2844 vergit
1462 2788 1559 2830 121.

1218 2847 1444 2902 Dapiferis
1476 2859 1663 2889 onerose
1694 2852 1815 2889 secte
1847 2849 1918 2890 36.

1220 2920 1348 2948 —ros
1379 2905 1540 2948 divites
1570 2906 1755 2948 visitant
1784 2911 1905 2948 secte
1938 2907 2006 2948 71.

1217 2965 1339 3006 Dare
1369 2965 1555 3021 largiter
1585 2970 1632 3006 et
1661 2966 1799 3021 gratis
1831 2967 1900 3007 91.

1217 3023 1368 3066 David
1397 3023 1634 3066 honoravit
1653 3024 1762 3066 Saul
1781 3025 1961 3066 racione
1983 3023 2214 3080 dignitatis

1276 3083 1441 3139 regalis
1476 3084 1572 3125 172.

1217 3142 1459 3184 Debellare
1498 3141 1776 3184 adversarios
1814 3141 1987 3183 licitum
2024 3142 2073 3183 in
2108 3142 2213 3198 lege

1277 3201 1421 3243 veteri
1452 3202 1550 3243 606.

1217 3260 1454 3302 Debilibus
1487 3259 1654 3301 Cristus
1694 3259 1960 3301 elemosinas
1990 3259 2214 3302 ordinavit

1218 3377 1524 3419 Debilitantur
1568 3377 1718 3419 anime
1762 3377 1882 3419 vires
1927 3390 1983 3419 ex
2027 3391 2211 3433 corpore

1278 3441 1483 3491 corrupto
1518 3436 1615 3478 123.

1218 3495 1406 3537 Debitas
1443 3494 1600 3536 laudes
1647 3494 1782 3550 capiti
1821 3494 2009 3536 ecclesie
2046 3495 2211 3550 persol-

1278 3566 1386 3596 vere
1419 3555 1488 3595 79.

1220 3617 1323 3655 ——te
1355 3611 1603 3654 credendus
1635 3617 1702 3654 est
1732 3612 1842 3654 deus
1876 3613 1973 3654 118.
