2528 4074
277 330 380 376 534
965 325 1003 363 J
1005 324 1286 364 OHANNIS
1323 323 1559 370 WIOLIF,
1891 329 1898 335 '
2067 317 2176 374 [vap.
2196 318 2277 370 IV

1133 539 1278 588 GAP.
1316 539 1349 587 I
1355 540 1409 587 V.

416 668 650 717 Secundo
689 668 871 716 modo‘¹
909 663 1106 730 arguit¹
1145 667 1211 715 ad
1250 665 1621 723 exaltacionem
1658 665 1735 714 sui
1761 664 1950 713 ordinis
1973 664 2069 713 isto
2087 663 2271 714 modo:

274 753 535 803 beatitudo
571 748 843 802 intensior²
879 760 1001 801 nata
1038 759 1114 801 est
1150 752 1295 815 argui
1331 768 1423 816 per
1458 749 1755 800 essencialia
1786 750 1983 814 private
2017 748 2274 820 religionis

274 855 424 905 quam
475 855 568 904 per
618 837 913 887 essencialia
963 837 1242 886 communis
1294 835 1570 901 religionis,
1626 852 1745 900 ergo
1797 835 1999 900 privata
2049 841 2127 885 est
2159 852 2273 901 per-

272 924 460 973 feccior
510 940 663 989 quam
701 923 995 972 communis.
1070 922 1344 981 Medicina,
1389 921 1567 987 inquit,
1622 928 1697 970 est
1746 920 1943 988 reliqua
1977 919 2271 986 perfeccior,
2431 987 2456 993 Ἢ

273 1026 364 1075 per
400 1026 550 1075 quam
588 1015 711 1058 nata
748 1015 824 1057 est
861 1008 1052 1074 acquiri
1090 1025 1180 1072 per
1216 1025 1269 1057 se
1307 1007 1496 1057 sanitas
1531 1007 1791 1056 intensior.
1846 1006 1951 1056 Sed
1987 1005 2273 1072 oppositum
2317 1020 2344 1058 5

268 1093 438 1144 illius³
489 1094 694 1159 argucie
748 1094 931 1143 dicitur
982 1110 1089 1143 esse
1140 1102 1258 1159 post
1308 1093 1570 1158 crapulam
1599 1085 1660 1141 *et
1702 1091 2000 1142 ebrietatem
2035 1091 2274 1142 monachi
2408 1084 2414 1104 ⁴

270 1181 625 1246 sompniatum.
1011 1184 1016 1190 “

412 1266 588 1317 Unum
625 1273 798 1315 tamen
833 1267 951 1326 scio,
1006 1266 1139 1332 quod
1186 1266 1311 1315 talia
1349 1265 1578 1329 sompnia
1614 1281 1716 1313 non
1754 1265 2023 1330 acquirunt
2055 1262 2273 1314 beatitu-

274 1354 459 1412 dinem,
514 1352 603 1402 sed
646 1353 820 1417 pocius
856 1351 1164 1417 precipitant
1215 1352 1281 1401 ad
1317 1351 1586 1400 infernum.
1663 1347 1858 1399 Cristus
1909 1349 2044 1400 enim
2096 1356 2149 1400 et
2196 1349 2275 1400 sui

269 1439 483 1504 apostoli
527 1455 620 1504 per
666 1437 921 1502 religionis
959 1438 1238 1487 communis
1277 1436 1658 1486 observanciam
1696 1435 1764 1484 ad
1800 1435 2123 1485 intensiorem
2158 1451 2271 1500 gra-
2289 1450 2344 1487 10
2408 1459 2411 1490 ῑ
2458 1453 2461 1510 j

270 1526 392 1575 dum
427 1523 756 1573 beatitudinis
793 1524 1064 1588 attingunt,
1105 1540 1258 1589 quam
1296 1522 1453 1588 aliqui
1490 1522 1553 1571 de
1591 1521 1802 1586 privatis
1839 1520 2101 1572 ordinibus
2124 1521 2274 1571 attin·

267 1628 386 1675 gere
423 1609 742 1659 suffecerunt.
2274 1619 2278 1622 -

409 1695 534 1745 Ideo
586 1712 652 1744 ex
697 1694 953 1744 miraculis
989 1694 1281 1759 patentibus
1317 1695 1370 1742 in
1408 1693 1531 1752 vita,
1586 1710 1799 1758 quorum
1835 1693 1989 1758 pauci
2025 1691 2110 1743 vel
2145 1692 2274 1742 nulli

269 1784 332 1832 de
383 1782 490 1832 istis
542 1780 800 1830 ordinibus
852 1788 970 1831 sunt
1019 1780 1172 1830 beati.
1245 1781 1381 1829 Nam
1427 1779 1623 1844 empcio
1663 1775 2096 1829 canonizacionis⁴
2133 1778 2274 1845 apud

266 1869 551 1918 Romanam
578 1865 785 1915 Curiam
821 1867 992 1916 fratris
1023 1867 1107 1916 vel
1143 1866 1380 1916 monachi
1413 1883 1479 1915 ex
1504 1866 1615 1925 hoc,
1656 1865 1792 1931 quod
1817 1860 2123 1915 comederit·⁵
2146 1863 2272 1914 lam-
2289 1846 2344 1916 15
2463 1865 2465 1875 “

267 1953 478 2019 predam
514 1953 765 2016 integram
803 1953 909 2002 sine
946 1959 1085 2018 potu,
1140 1952 1223 2002 vel
1260 1969 1326 2001 ex
1362 1952 1474 2011 hoc,
1530 1951 1666 2017 quod
1703 1967 1888 2016 corpus
1929 1967 2077 2000 suum
2113 1949 2276 2000 movit

266 2040 507 2088 feretrum
559 2039 809 2103 agitatum
861 2055 893 2088 a
939 2039 1176 2098 demone,
1232 2055 1349 2087 cum
1399 2036 1646 2087 similibus
1695 2036 2015 2086 illusionibus
2066 2035 2303 2102 dyaboli·
2364 2035 2368 2039 ’

268 2125 351 2174 vel
400 2124 878 2190 precipitacionibus
930 2125 1225 2189 sompniatis
1276 2141 1378 2173 non
1430 2123 1690 2173 constituit
1724 2122 1932 2172 beatum
1967 2123 2022 2172 in
2059 2121 2276 2173 00010813

267 2211 627 2276 triumphante.

409 2297 534 2346 Ideo
571 2295 718 2356 absit,
758 2297 894 2362 quod
931 2314 1104 2346 omnes
1142 2296 1556 2345 canonizaciones
1593 2294 1883 2344 huiusmodi
1919 2295 2020 2345 sint
2063 2301 2133 2351 ut„
2156 2293 2275 2344 arti-
2288 2307 2348 2347 2⁰

272 2383 377 2433 culi
413 2382 531 2431 fidei
566 2381 633 2431 ab
670 2382 887 2432 ecclesia
924 2378 1280 2447 acceptande.⁶
2225 2375 2230 2377 s
2380 2367 2383 2370 Ι

414 2468 592 2517 Το1010
644 2468 812 2533 arguit
862 2485 927 2518 ex
979 2467 1226 2518 conformi
1277 2474 1536 2532 assumpto
1574 2467 1777 2532 putrido
1814 2484 1880 2516 ex
1916 2467 2030 2527 hoc,
2084 2466 2280 2518 scilicet

272 2554 406 2621 quod
443 2554 822 2619 impedimenta,
863 2571 960 2619 que
997 2562 1115 2604 sunt
1150 2553 1488 2618 impediencia
1522 2553 1779 2602 hominem
1809 2553 1864 2602 in
1888 2553 2077 2603 viando
2101 2570 2280 2604 versus
2347 2565 2382 2606 ἒ,

270 2640 651 2699 beatitudinem,
701 2640 950 2705 copiosius
1007 2640 1256 2689 tolluntur
1306 2636 1424 2704 per⁷
1465 2639 1847 2689 observanciam
1884 2636 2142 2704 religionis
2176 2639 2277 2705 pri-

273 2734 404 2786 vate,
459 2743 578 2790 ergo
631 2732 726 2775 etc.
801 2726 938 2775 Num
975 2726 1110 2776 istud
1148 2733 1463 2791 assumptum
1501 2725 1798 2790 blaspheme
1834 2725 2000 2774 innuit
2034 2724 2276 2790 religiosi·
2290 2737 2347 2777 25
2380 2723 2386 2728 ’

278 2812 459 2861 3101138
510 2808 656 2861 suos⁸
708 2829 814 2861 esse
865 2812 1224 2877 prudenciores
1277 2828 1429 2877 quam
1466 2811 1564 2860 fuit
1600 2810 1833 2861 dominus
1868 2810 2013 2861 Iesus
2049 2809 2290 2861 Gristus?
2376 2811 2395 2881 γ’

276 2898 395 2963 Ipse
455 2897 588 2946 enim
639 2914 742 2946 non
801 2898 1031 2964 precepit
1091 2914 1206 2947 suos
1266 2897 1571 2963 presbiteros
1629 2896 1823 2970 includi
1878 2903 2172 2962 sumptuose
2223 2897 2280 2947 in

630 3082 757 3122 GAP.
788 3082 874 3122 IV.
930 3085 951 3104 ‘²
982 3082 1054 3134 Cp.
1085 3082 1208 3122 above
1229 3095 1277 3133 p.
1309 3085 1393 3123 530
1424 3082 1453 3122 l.
1484 3085 1540 3122 22
1561 3081 1613 3135 ff.

390 3255 516 3294 CAP.
547 3255 632 3295 IV.
692 3251 709 3276 ¹
740 3256 797 3294 In
814 3255 860 3294 D
888 3255 927 3294 is
954 3254 1052 3292 add.
1083 3255 1126 3292 in
1153 3268 1280 3293 man.-
1310 3252 1561 3294 Secundum
1581 3250 1965 3306 argumentumff
2056 3249 2077 3275 ¹
2103 3253 2182 3294 int.
2200 3252 2279 3293 012

336 3326 531 3366 essencia
550 3327 679 3377 (ud.)
700 3326 776 3366 int.
800 3342 829 3367 α
925 3322 946 3346 ³
974 3324 1089 3364 illius
1106 3327 1167 3366 Ca
1228 3325 1341 3365 alius
1355 3326 1401 3364 D
1508 3321 1527 3346 ¹
1555 3327 1599 3365 in
1617 3326 1663 3364 D
1682 3327 1720 3365 is
1748 3326 1847 3365 add.
1876 3326 1922 3365 in
1938 3338 2068 3365 mar..-
2095 3324 2283 3379 Empcio
2368 3330 2375 3335 '

278 3398 622 3438 canonizacionis
637 3394 702 3437 D³
814 3394 834 3418 ⁵
861 3396 1098 3443 comederit
1114 3398 1176 3438 Οα
1244 3395 1491 3437 comeditD
1606 3393 1623 3418 ⁶
1652 3409 1741 3438 acc.
1758 3398 1822 3439 Ga
1886 3394 2101 3437 catholica
2127 3395 2279 3438 acc-D

279 3465 296 3489 ⁷
326 3481 404 3525 per
419 3470 495 3509 01)
570 3484 647 3527 pa
679 3469 775 3520 (the
802 3469 941 3510 stroke
968 3469 1142 3523 through
1171 3481 1200 3525 p
1228 3467 1336 3520 οηι.)
1449 3464 1469 3488 ⁸
1496 3480 1644 3511 suosa
1703 3468 1897 3509 suasOD
