2528 4074
339 410 440 457 834

334 548 543 602 Temptur
569 560 684 602 papa
713 560 740 588 a
769 547 964 600 dyabolis
993 546 1088 587 677.

337 610 488 645 ——tant
515 605 645 646 deum
673 605 965 659 ingredientes
994 608 1134 644 sectas
1164 603 1260 643 141.

334 663 634 716 Temptatores
663 663 734 703 dei
761 667 862 702 sunt
889 666 1005 702 secte
1038 662 1131 701 141.

332 720 562 760 Tenuandi
588 724 689 760 sunt
715 719 907 760 redditus
935 719 1032 760 279.

333 777 487 818 Tereia
522 790 621 831 pars
657 777 840 817 ecclesie
875 776 1006 816 debet
1041 789 1068 816 a
1095 774 1289 829 partibus

389 835 680 888 superioribus
708 834 888 874 stabiliri
917 834 1013 874 242.

333 913 387 919 —
408 904 507 945 pars
527 891 708 932 ecclesie
727 904 816 931 non
836 891 967 930 debet
986 890 1168 943 opprimi
1189 890 1285 929 242.

334 971 388 977 —-
420 954 464 990 et
498 948 690 989 secunda
725 953 844 988 secta
871 947 1071 987 laborant
1098 947 1144 986 in
1173 959 1285 986 com-

390 1006 510 1045 muni
540 1006 636 1046 247.

331 1063 601 1102 Terminacio
645 1061 817 1116 generis
858 1061 1038 1101 humani
1071 1060 1116 1099 in
1154 1058 1287 1099 finem

389 1120 589 1159 ultimum
619 1120 715 1160 208.

331 1176 581 1216 Terminare
609 1181 749 1216 sectas
778 1176 875 1216 247.

333 1234 453 1273 ——ari
468 1238 636 1287 oportet
650 1233 926 1274 mendacium
940 1232 986 1272 in
1000 1232 1169 1272 inferno
1192 1231 1288 1272 352.

333 1314 386 1320 —
417 1290 548 1331 debet
576 1291 745 1331 dotacio
774 1295 989 1331 sectarum
1019 1291 1115 1330 249.

331 1348 523 1388 Termini
551 1347 788 1388 seducendi
816 1347 968 1388 fideles
999 1348 1096 1388 621.

331 1428 384 1434 -
414 1404 518 1445 fidei
547 1406 644 1446 678.

329 1462 461 1503 Terre
480 1467 625 1517 partes
645 1462 816 1517 singule
836 1475 883 1503 se
903 1462 1121 1516 reciproce
1136 1462 1291 1502 iuvant

329 1577 522 1618 Terrena
551 1582 617 1618 est
644 1577 866 1631 sapiencia
893 1576 1045 1631 regule
1076 1578 1144 1617 50.

331 1647 470 1675 —ene
500 1635 758 1675 affecciones
790 1634 884 1675 147.

331 1714 384 1720 -
414 1697 515 1733 sunt
543 1696 730 1745 quatuor
758 1696 874 1732 secte
904 1692 1001 1732 395.

331 1762 567 1790 -enorum
587 1749 934 1790 intelleccionem
943 1749 1169 1789 cristianus
1175 1752 1287 1802 post-

383 1807 506 1860 ponit
535 1807 631 1848 125.

330 1859 382 1893 '—
413 1877 533 1905 amor
559 1863 734 1904 illicitus
765 1864 861 1904 703.

327 1921 534 1962 Terrifica
559 1922 696 1962 verba
724 1921 779 1961 de
807 1920 1057 1975 purgatorio
1089 1921 1184 1961 146.

327 1979 479 2020 Testes
514 1992 591 2034 pro
621 1979 885 2032 competenti
911 1978 1056 2032 precio
1086 1977 1288 2019 conducti

330 2095 475 2134 —ium
521 2094 728 2134 falsorum
782 2093 1088 2147 multiplicacio
1137 2098 1288 2134 contra

386 2151 573 2192 Gristum
603 2152 700 2192 352.

325 2210 370 2249 in
400 2210 593 2250 —stibus
628 2208 931 2249 catheclismus
959 2207 1064 2248 fidei
1092 2213 1158 2249 est
1187 2210 1284 2250 251.

324 2267 639 2307 Testimonium
666 2266 824 2306 falsum
856 2266 951 2306 137.

325 2324 563 2378 Theologie
592 2324 784 2364 studium
812 2336 891 2377 per
911 2323 1191 2364 ecclesiarum
1213 2335 1286 2376 ap-

383 2382 705 2435 propriaciones
735 2381 995 2421 diminutum
1025 2381 1123 2422 272.

326 2439 588 2493 Theologice
619 2442 839 2479 armature
870 2440 966 2479 599.

325 2496 573 2550 Theologus
609 2496 751 2550 gignit
789 2496 975 2536 Cristum
1011 2496 1058 2535 in
1087 2495 1286 2536 cordibus

382 2553 578 2594 fidelium
610 2555 705 2595 164.

327 2611 571 2651 Theosebia
599 2611 705 2664 quid
735 2615 801 2651 est
830 2611 928 2652 223.

327 2669 577 2709 Thezaurus
607 2668 783 2720 dyaboli
811 2669 881 2709 40.

329 2749 383 2754 ——
413 2726 596 2766 fratrum
625 2725 785 2766 sufficit
814 2725 870 2765 ad
888 2724 1092 2779 Angliam
1123 2725 1176 2766 de
1207 2726 1289 2765 fra-

385 2783 521 2823 tribus
553 2782 883 2836 expurgandam
914 2784 1010 2823 253.

329 2863 384 2871 -—
414 2841 596 2880 ftatrum
639 2853 872 2894 regnorum
910 2840 1189 2880 subversivus
1228 2845 1293 2880 est

327 2956 548 2996 Timentes
579 2954 710 2995 deum
747 2967 775 2994 a
811 2954 1015 3008 nequicia
1045 2967 1092 2994 se
1122 2967 1291 2995 conser-

383 3018 492 3053 vant
520 3014 616 3054 226.

326 3071 474 3111 Timor
503 3070 574 3111 dei
600 3070 830 3123 septimum
851 3069 1012 3110 donum
1031 3069 1204 3123 spiritus
1225 3074 1291 3110 est

330 3208 383 3214 —
413 3185 625 3228 naturalis
654 3184 758 3238 quid
786 3198 875 3224 non
903 3184 959 3224 sit
987 3185 1085 3226 226.

334 3265 379 3271 -—-
415 3242 583 3283 servilis
612 3242 718 3295 quid
746 3241 803 3282 sit
831 3242 928 3282 226.

330 3322 383 3327 —
413 3299 626 3340 commodi
653 3311 767 3353 pape
796 3312 949 3352 pacem
971 3299 1196 3352 perturbat
1218 3300 1285 3340 32.

332 3357 471 3397 —oris
499 3356 643 3397 filialis
671 3362 830 3397 natura
858 3356 1114 3397 describitur
1142 3357 1238 3397 226.

331 3426 505 3454 —orem
535 3413 697 3454 domini
724 3414 854 3468 pauci
880 3414 1103 3467 possident
1130 3414 1228 3455 226.

330 3470 384 3510 de
407 3484 535 3512 —ore
554 3470 677 3511 filiali
705 3472 877 3525 spiritus
906 3476 1080 3512 sanctus
1099 3471 1290 3525 loquitur

1055 403 1351 444 GENERAL
1382 403 1596 444 INDEX.

1376 545 1430 586 de
1445 545 1615 586 Timore
1636 545 1798 586 domini
1818 545 1922 599 quid
1936 545 2204 599 Augustinus
2220 545 2336 586 dicat

1373 659 1595 701 Toleravit
1623 672 1784 714 magna
1813 659 1993 700 crimina
2022 658 2186 700 Cristus
2215 661 2284 701 98.

1375 717 1495 758 —bit
1530 717 1736 758 sathanas
1772 730 1860 756 non
1898 721 1964 757 tot
1991 728 2128 770 penas
2156 728 2212 757 ex
2238 730 2334 770 pro-

1432 774 1550 814 fectu
1579 775 1863 814 militancium
1895 776 1991 815 395.

1372 831 1551 871 Tollunt
1578 836 1696 872 secte
1725 831 1920 872 ordinem
1947 832 2050 872 Iesu
2080 829 2207 871 Gristi
2235 831 2304 871 96.

1372 888 1569 928 Tonsura
1599 892 1643 928 et
1670 888 1843 928 habitus
1872 889 2055 929 fratrum
2080 889 2127 928 in
2145 887 2333 928 mulieri-

1426 945 1507 985 bus
1536 945 1605 985 44.
2084 983 2091 986 .

1370 1001 1532 1055 Topice
1562 1001 1788 1042 evidencie
1817 1006 1967 1043 contra
1994 1007 2134 1044 sectas
2164 1003 2260 1045 176.

1370 1058 1654 1099 Tormentum
1689 1059 1828 1099 crucis
1855 1059 2053 1100 Andreas
2079 1060 2236 1114 petivit
2264 1062 2332 1102 69.

1371 1115 1530 1156 Totum
1559 1121 1625 1157 est
1652 1120 1798 1170 partes
1827 1129 1905 1157 sue
1936 1117 2032 1158 708.

1374 1195 1428 1202 —
1460 1186 1587 1213 omne
1617 1178 1684 1214 est
1711 1173 1852 1214 maius
1881 1186 1961 1214 sua
1987 1177 2112 1227 parte
2141 1176 2236 1216 659.

1373 1253 1429 1259 —
1449 1231 1685 1284 premietur
1705 1235 1750 1271 et
1767 1231 1975 1284 puniatur
1992 1243 2070 1284 pro
2089 1235 2214 1285 parte
2234 1233 2330 1274 327.

1373 1287 1583 1328 Toxicum
1612 1289 1811 1328 innatum
1839 1293 2057 1329 sectarum
2085 1289 2182 1330 353.

1373 1345 1573 1386 Tradicio
1602 1346 1784 1386 fratrum
1814 1350 1880 1386 est
1906 1345 2114 1399 ypocrisis
2141 1345 2238 1388 469.

1375 1425 1427 1431 —
1459 1402 1640 1443 fratrum
1668 1402 1802 1443 nichil
1838 1403 1943 1443 facit
1971 1402 2029 1443 ad
2057 1414 2209 1444 eorum
2236 1416 2332 1444 san-

1432 1460 1626 1501 ctitatem
1655 1462 1752 1501 469.

1379 1539 1427 1546 —
1459 1517 1598 1558 libera
1626 1517 1782 1558 frivola
1811 1522 1856 1558 et
1879 1517 2118 1571 ypocritica
2142 1530 2172 1558 a
2195 1517 2333 1559 fratri-

1402 1618 1404 1620 ,
1431 1575 1512 1615 bus
1539 1575 1721 1615 iuventa
1750 1576 1818 1616 96.

1376 1632 1498 1673 ——nis
1526 1632 1717 1673 humane
1747 1632 2034 1673 auctorizacio
2063 1633 2161 1675 348.

1375 1712 1427 1718 -—
1459 1702 1576 1743 aqua
1603 1689 1779 1731 turbida
1807 1695 1874 1731 est
1902 1691 2000 1731 213.

1375 1770 1429 1776 —
1445 1746 1635 1788 humane
1651 1747 1844 1802 dogmati
1856 1751 1973 1795 secte
1986 1747 2222 1789 intendunt
2234 1749 2332 1790 210.
2397 1761 2404 1768 ’
2486 1807 2488 1815 ¹

1374 1827 1427 1832 —-
1457 1804 1648 1845 humane
1675 1805 1849 1845 cautela
1878 1806 1973 1846 133.

1374 1862 1477 1901 —ni
1504 1862 1658 1903 frivole
1692 1862 1978 1904 tradicionem
2011 1862 2331 1916 preponderare
2384 1894 2386 1900 .

1374 1989 1509 2017 —nes
1527 1977 1727 2018 ordinum
1749 1976 2019 2018 declinantes
2033 1990 2061 2018 a
2075 1977 2213 2019 Cristo
2233 1978 2330 2019 222.

1373 2057 1427 2062 ——
1456 2034 1701 2088 impediunt
1726 2035 1932 2076 noticiam
1961 2035 2032 2076 dei
2059 2035 2157 2077 210.

1370 2114 1428 2120 -
1455 2091 1646 2133 humane
1675 2097 1777 2133 sunt
1803 2093 1989 2134 cisterne
2007 2092 2212 2147 dissipate
2233 2093 2331 2134 211.

1373 2172 1427 2178 —
1457 2149 1610 2191 frivole
1637 2150 1914 2204 precavende
1941 2154 2044 2191 sunt
2070 2151 2168 2192 210.

1375 2230 1427 2236 —
1473 2208 1785 2249 ceremoniales
1828 2221 1857 2248 a
1900 2207 2038 2249 Oristo
2089 2207 2335 2249 distrahunt

1375 2345 1426 2351 —
1457 2322 1682 2363 hominum
1712 2322 1875 2363 debent
1903 2323 2014 2364 solvi
2041 2324 2140 2365 479.

1373 2403 1428 2408 —
1458 2380 1769 2420 ceremoniales
1798 2392 1970 2421 cessare
1999 2379 2163 2422 debent
2190 2381 2288 2422 289.

1373 2460 1427 2466 —
1457 2441 1675 2478 sectarum
1709 2437 1842 2478 nichil
1878 2442 1957 2478 aut
1991 2437 2210 2479 modicum
2237 2451 2333 2492 pro-

1429 2499 1531 2535 sunt
1560 2494 1743 2535 ecclesie
1772 2495 1870 2536 298.

1374 2575 1428 2582 —
1457 2551 1648 2592 humane
1676 2565 1766 2593 non
1794 2552 1956 2594 usitate
1986 2553 2083 2594 563.

1374 2633 1428 2639 -
1459 2614 1674 2650 sectarum
1703 2614 1864 2651 nocent
1892 2609 2076 2651 ecclesie
2105 2612 2174 2652 91.

1375 2690 1429 2696 —-
1460 2667 1614 2708 frivole
1644 2667 1712 2708 97.
2142 2693 2145 2695 >

1376 2747 1430 2754 —
1446 2724 1636 2766 humane
1649 2724 1951 2779 preeliguntur
1963 2737 1991 2765 a
2004 2725 2227 2766 monachis
2237 2726 2332 2767 131.

1377 2806 1424 2811 —
1460 2794 1561 2822 suas
1588 2787 1707 2823 secte
1736 2782 1952 2823 dimittere
1981 2782 2143 2824 debent
2173 2784 2268 2824 138.

1377 2862 1431 2870 —-
1461 2839 1687 2880 sensibiles
1729 2843 1846 2880 secte
1888 2853 1995 2880 num
2038 2839 2202 2882 Gristus
2243 2854 2332 2882 non

1432 2897 1602 2938 curavit
1629 2897 1726 2938 139.
2226 2902 2233 2906 '

1378 2978 1431 2984 —
1461 2959 1678 2995 sectarum
1709 2954 1804 2996 173.

1376 3035 1429 3042 ——
1459 3012 1683 3052 hominum
1709 3012 1819 3053 citra
1843 3011 1976 3053 fidem
2002 3012 2213 3067 scripture
2241 3013 2334 3054 Wi-

1432 3069 1510 3110 clif
1534 3069 1736 3110 subducit
1764 3071 1860 3111 256.

1374 3150 1429 3157 —
1457 3127 1681 3167 hominum
1709 3127 1918 3168 extollere
1944 3127 2134 3169 solentes
2161 3127 2260 3169 284.

1375 3208 1427 3214 -—
1457 3184 1671 3225 humanas
1698 3185 1946 3239 relinquere
1976 3186 2073 3226 140.

1374 3266 1428 3271 —
1458 3242 1649 3282 humane
1686 3242 1866 3283 deviant
1893 3255 1921 3283 a
1947 3242 2118 3283 iusticie
2146 3242 2332 3296 comple-

1430 3303 1576 3340 mento
1607 3300 1702 3340 132.

1374 3379 1427 3385 ——
1443 3357 1634 3397 humane
1655 3356 1918 3398 difficultant
1931 3356 1988 3397 ad
2002 3356 2331 3398 observanciam

1429 3414 1540 3468 legis
1569 3414 1640 3454 dei
1669 3415 1767 3456 140.

1375 3485 1537 3511 —num
1565 3471 1747 3512 fratrum
1777 3472 2060 3513 observancia
2087 3471 2187 3514 469.

1376 3529 1559 3569 -nibus
1587 3529 1749 3583 proprii
1775 3529 1917 3570 clerus
1945 3529 2128 3570 imititur
2155 3528 2252 3570 504.
