2528 4074
323 371 424 418 816

321 506 577 549 Sacerdotes
619 506 782 548 debent
823 506 1017 560 pluviam
1061 506 1280 561 sapiencie

377 565 538 619 populo
569 563 787 606 destillare
819 564 886 605 71.

323 645 375 650 —
422 621 591 676 antiqui
637 620 902 662 sufficientes
945 634 1023 675 pro
1067 619 1281 674 spirituali

379 678 614 720 ministerio
645 679 714 720 28.

324 757 375 765 —
408 736 570 778 debent
596 735 770 790 plebem
799 735 854 776 ab
884 735 1037 776 ardore
1067 733 1280 788 cupidinis

379 799 650 835 terrenorum
679 797 908 847 protegere
940 793 1006 833 71.

324 872 377 879 —
407 864 495 892 non
524 850 717 891 iudicare
747 849 909 890 debent
937 849 1176 890 secundum
1195 852 1279 888 tra-

379 907 593 949 dicionem
622 906 794 948 civilem
825 906 921 947 563.

323 986 374 992 —
407 964 461 1006 de
492 964 640 1005 ordine
669 962 909 1016 Hospitalis
938 963 1035 1003 269.

325 1045 375 1051 --
407 1021 622 1075 simplices
665 1033 754 1060 non
783 1023 942 1074 gerunt
977 1018 1118 1059 vicem
1158 1018 1280 1059 disci-

377 1078 590 1131 pulorum,
628 1076 712 1116 nisi
746 1076 791 1116 in
829 1079 1040 1130 quantum
1068 1075 1151 1129 ipsi
1179 1079 1281 1116 sunt

378 1135 577 1188 discipuli
605 1134 702 1175 506.

322 1213 374 1220 —-
405 1192 515 1232 Baal
543 1193 613 1233 29.

322 1270 375 1277 —
406 1249 621 1302 simplices
651 1247 814 1288 debent
840 1247 1090 1301 permittere
1110 1251 1282 1288 curatos

378 1306 602 1347 inferiores
629 1304 881 1346 immediate
909 1304 1035 1359 sequi
1064 1317 1164 1346 suos
1194 1303 1282 1358 epi-

377 1376 529 1417 scopos
560 1364 656 1405 506.

322 1442 374 1448 —
405 1425 506 1462 sunt
533 1420 695 1474 populo
724 1420 864 1460 nubes
895 1419 963 1461 71.

323 1499 374 1505 --
404 1477 557 1519 fideles
585 1477 799 1518 honorant
826 1489 954 1531 reges
985 1476 1080 1517 172.

323 1556 375 1562 —
404 1534 557 1576 fideles
575 1547 623 1576 se
642 1534 881 1575 excludunt
899 1546 955 1574 ex
969 1537 1087 1574 statu
1100 1532 1282 1573 nimium

376 1592 668 1633 necessitante
697 1591 754 1632 ad
781 1590 1082 1632 honorandum
1114 1591 1209 1631 172.

323 1671 374 1678 -—
405 1649 571 1690 faciunt
599 1648 654 1689 de
682 1661 760 1689 suo
791 1647 932 1688 officio
963 1647 1096 1688 ociari
1126 1648 1194 1688 28.

326 1726 375 1735 —-
390 1718 565 1747 sensum
581 1705 897 1760 ewangelicum
911 1704 1118 1746 divinitus
1133 1704 1282 1745 datum

376 1763 540 1804 habent
568 1763 665 1804 371.

325 1842 373 1847 -—
404 1833 619 1874 pauperes
648 1823 935 1874 persecuntur
962 1823 1080 1861 secte
1111 1819 1207 1860 711.

320 1886 375 1906 “--
406 1877 678 1919 dominantes
713 1877 859 1918 Iesum
901 1881 1097 1918 nostrum
1135 1881 1180 1917 et
1209 1876 1282 1917 do-

376 1935 541 1976 minum
571 1934 774 1976 occidunt
802 1935 899 1976 279.

324 2014 374 2020 -
404 1992 642 2034 insolentes
671 1993 768 2034 368.

323 2071 374 2077 —-
404 2050 642 2091 insolentes
671 2049 781 2090 false
809 2052 1058 2104 pugnantes
1089 2049 1186 2090 626.

329 2129 373 2135 -
405 2107 574 2161 antiqui
604 2107 671 2148 72.

323 2163 527 2205 -dotum
572 2168 617 2206 et
661 2164 960 2218 episcoporum
1004 2162 1282 2217 superioritas

319 2300 374 2308 —
405 2278 532 2320 Gristi
562 2278 758 2320 defectus
787 2279 884 2320 368.

322 2358 374 2364 —
404 2336 625 2390 superflua
654 2335 895 2377 dominacio
927 2336 1023 2377 101.

321 2416 375 2422 —
406 2394 587 2434 aliorum
617 2393 904 2434 ministerium
935 2394 1029 2435 193.

323 2473 375 2480 —
406 2451 683 2492 conformitas
711 2464 810 2491 cum
838 2450 939 2505 lege
969 2449 1097 2491 Cristi
1128 2451 1222 2492 101.

320 2529 376 2537 —
406 2520 557 2562 pugna
585 2508 818 2561 spiritualis
848 2509 946 2549 626.

322 2587 376 2595 —
406 2565 612 2606 vecordia
641 2566 738 2606 218.

323 2621 552 2663 —dotibus
586 2635 692 2662 num
727 2622 832 2663 licet
858 2622 1083 2676 predicare
1112 2622 1206 2664 sine
1234 2621 1283 2662 li-

380 2679 532 2720 cencia
560 2678 750 2733 episcopi
779 2680 876 2721 405.

324 2758 378 2767 -
409 2736 485 2790 qui
531 2736 579 2776 in
625 2735 726 2790 lege
765 2736 928 2777 domini
965 2736 1136 2777 fundati
1184 2740 1285 2777 sunt

379 2805 565 2848 regnum
594 2793 792 2834 crederet
821 2794 917 2835 315.

324 2863 380 2892 ex
408 2850 714 2892 Sacerdotibus
743 2850 884 2891 clerus
915 2851 1010 2892 100.

324 2907 523 2949 Sacracio
553 2907 889 2949 elemosinarum
920 2909 1016 2949 198.

324 2965 653 3006 Sacramentum
680 2965 866 3018 primum
891 2964 1070 3019 suscipit
1085 2964 1286 3018 penitens

382 3034 410 3063 a
439 3022 521 3064 deo
551 3026 597 3063 et
624 3022 864 3063 secundum
894 3034 922 3063 a
949 3022 1174 3064 sacerdote
1204 3022 1284 3062 sub

383 3079 466 3121 deo
496 3080 592 3121 510.

327 3158 381 3165 —
410 3136 657 3190 penitencie
685 3137 979 3178 necessarium
1009 3137 1105 3178 622.

328 3193 520 3235 —menti
548 3193 798 3247 penitencie
828 3194 1069 3235 destruccio
1100 3194 1197 3234 622.

330 3255 535 3291 —menta
571 3250 684 3292 sicut
717 3263 834 3305 papa
861 3251 1057 3293 conferre
1086 3250 1287 3292 sacerdos

385 3308 568 3362 quilibet
594 3312 739 3362 potest
767 3309 863 3349 259.

329 3387 382 3394 -
414 3365 708 3406 ecclesiastica
735 3365 881 3406 omnia
899 3366 994 3407 sine
1012 3377 1128 3419 papa
1146 3364 1287 3419 perire

386 3422 538 3463 fratres
568 3421 718 3463 dicunt
747 3423 843 3464 256.

331 3477 457 3520 Salus
486 3479 624 3520 tocius
654 3479 850 3531 ecclesie,
880 3479 926 3519 in
956 3491 1042 3532 quo
1073 3482 1158 3519 stat
1188 3478 1285 3522 629.

1052 363 1348 404 GENERAL
1379 363 1596 404 INDEX.

1366 505 1595 547 Salutandi
1622 505 1810 559 pharisei
1838 519 1928 547 non
1956 510 2057 547 sunt
2087 506 2183 549 126.

1366 563 1566 628 Salvacio
1595 563 1807 629 regularis
1837 564 1904 604 35.

1369 644 1421 650 —
1451 620 1675 661 hominum
1702 620 1748 660 in
1777 619 1931 662 habitu
1963 590 2144 662 fratrum
2169 626 2331 663 mortu-

1367 679 1738 788 —Oplil'ZIdeZZnati
1779 747 1868 775 non
1910 734 2131 789 dependet
2173 747 2230 777 ex
2264 735 2328 777 in-

1423 791 1613 832 fluencia
1641 791 1855 832 anticristi
1884 793 1983 834 257.

1367 848 1424 888 ad
1463 848 1690 889 -cionem
1732 847 1916 890 hominis
1951 848 2115 891 cristus
2159 848 2330 904 indiget
2406 879 2414 887 .

1423 917 1540 959 papa
1569 905 1666 946 257.

1366 975 1443 1015 pro
1490 962 1673 1002 -cione
1717 961 1877 1003 ordinis
1919 963 2110 1006 maxime
2153 967 2220 1006 est
2260 976 2329 1005 ze-

1426 1018 1607 1059 landum
1637 1018 1735 1060 227.

1367 1075 1590 1117 Salvanda
1632 1087 1805 1129 semper
1823 1117 1828 1120 ,
1846 1075 1994 1130 aliqua
2034 1090 2222 1133 persona
2264 1082 2331 1120 est

1369 1190 1500 1231 —ndi
1542 1189 1718 1244 spiritus
1758 1195 1857 1244 post
1898 1194 2082 1233 mortem
2115 1190 2330 1234 feliciores

1423 1251 1526 1288 sunt
1555 1249 1651 1289 148.
1825 1268 1827 1270 ·

1370 1305 1516 1346 —vati
1542 1317 1632 1345 non
1658 1305 1899 1358 puniuntur
1922 1317 2001 1360 pro
2019 1305 2214 1359 reprobis
2231 1306 2329 1348 327.

1369 1383 1423 1390 —
1453 1366 1556 1403 sunt
1583 1362 1712 1403 multi
1743 1363 1837 1404 123.

1369 1441 1422 1448 —
1451 1419 1714 1473 participant
1740 1419 1904 1474 premio
1933 1431 2113 1461 suarum
2136 1419 2331 1474 parcium

1372 1556 1419 1562 —
1466 1533 1631 1575 habent
1678 1533 1888 1588 gaudium
1931 1533 1988 1576 de
2029 1533 2333 1589 punicionibus

1425 1591 1761 1645 dampnatorum
1791 1591 1888 1633 331.

1369 1671 1423 1677 —
1454 1648 1650 1690 homines
1678 1661 1792 1689 unus
1820 1647 1949 1690 homo
1978 1652 2082 1690 sunt
2110 1648 2208 1691 328.

1368 1728 1424 1735 ——
1454 1709 1500 1746 et
1535 1705 1761 1759 dampnati
1788 1710 1891 1747 sunt
1917 1718 2056 1748 unum
2085 1717 2228 1761 genus
2253 1705 2329 1747 110-

1424 1763 1591 1804 11111111111
1621 1764 1718 1805 327.

1368 1819 1641 1862 Salvatorem
1670 1819 1898 1875 auffugere
1927 1821 2025 1862 349.
2424 1840 2426 1843 ·

1369 1878 1528 1918 —toris
1564 1877 1731 1932 regulis
1758 1881 1975 1919 sectarum
2001 1877 2156 1933 regule
2183 1876 2331 1932 pacifi-

1426 1939 1581 1976 cantur
1612 1935 1708 1976 183.
1990 1980 1992 1982 ,
2389 1952 2391 1955 ’
2422 1946 2423 1951 ’

1368 1991 1553 2033 Sanacio
1583 1996 1799 2034 sectarum
1830 1992 1927 2035 353.

1368 2072 1424 2079 —
1456 2049 1640 2091 ecclesie
1670 2051 1768 2092 352.

1367 2107 1424 2147 ad
1453 2107 1681 2148 —cionem
1709 2106 1894 2148 ecclesie
1920 2106 2115 2149 medicus
2133 2105 2334 2161 spiritua-

1424 2164 1478 2205 lis
1506 2164 1719 2205 niteretur
1748 2164 1845 2206 352.

1367 2221 1532 2320 80ῗὲἓο
1559 2221 1812 2263 vulneracio
1831 2221 1877 2262 in
1895 2221 2168 2264 naturalibus
2187 2221 2332 2264 anime
2419 2262 2422 2263 ⁷

1367 2334 1573 2377 Sanccior
1595 2336 1717 2377 locus
1735 2335 1909 2378 videtur
1929 2335 2110 2390 expulso
2130 2335 2332 2410 episcopo

1369 2394 1669 2491 83ῗ1ξ1111600010
1698 2449 1868 2492 sabbati
1899 2449 1994 2491 118.

1368 2507 1584 2548 Sanctitas
1615 2506 1744 2548 Gristi
1773 2511 1818 2548 et
1846 2506 2139 2561 apostolorum
2169 2507 2236 2549 67.

1370 2588 1424 2594 —
1453 2569 1735 2618 patronorum
1766 2564 1860 2606 176.

1370 2645 1424 2651 —-
1454 2622 1628 2663 habitus
1657 2626 1873 2663 sectarum
1905 2621 2000 2662 143.

1371 2702 1424 2709 -—-
1455 2683 1500 2720 et
1528 2679 1761 2733 pauperies
1789 2683 2006 2720 sectarum
2036 2679 2104 2720 72.

1371 2759 1424 2765 —
1455 2749 1636 2790 operum
1665 2736 1847 2777 fratrum
1875 2736 1973 2777 353.

1370 2817 1426 2823 —
1456 2794 1512 2834 ab
1540 2793 1782 2835 insensibili
1810 2793 1868 2833 ad
1886 2792 2091 2834 sensibile
2111 2792 2334 2834 ordinatur

1372 2851 1634 2949 -4s'igencia
1654 2912 1699 2949 et
1715 2907 2012 2962 preminencia
2030 2910 2248 2949 sectarum
2263 2909 2331 2950 66.

1371 2987 1424 2993 —
1454 2970 1734 3019 patronorum
1761 2965 2028 3019 privatorum
2057 2964 2130 3007 24.

1371 3045 1424 3051 -
1455 3035 1483 3063 a
1512 3022 1594 3064 deo
1621 3022 1861 3077 originatur
1878 3022 1924 3063 in
1943 3021 2138 3063 animum
2155 3020 2334 3064 viatoris

1371 3080 1608 3178 -411101000
1628 3140 1726 3191 post
1744 3136 2121 3178 consecracionem
2141 3135 2333 3190 episcopi

1427 3207 1517 3235 non
1546 3198 1612 3235 est
1640 3193 1848 3235 derelicta
1875 3194 1973 3235 261.

1373 3273 1426 3279 —
1444 3252 1589 3292 anime
1608 3251 1713 3292 fecit
1725 3250 2019 3304 turpissimum
2032 3249 2177 3292 locum
2188 3254 2331 3292 sanct-

1374 3309 1783 3407 -ntlaffiszssiixiulacio
1820 3364 1902 3406 deo
1939 3363 2108 3406 odibilis
2137 3369 2206 3406 est
2231 3365 2328 3406 470.

1373 3423 1530 3520 -ξὲῐέε
1543 3422 1826 3521 1121ἒ1110111110115
1862 3426 1928 3463 est
1960 3421 2149 3475 pollucio
2184 3433 2332 3475 corpo-
