2528 4074
1051 1111 1460 1176 JOHANNIS
1506 1122 1776 1175 WICLIF

419 1298 546 1357 DE
573 1297 1354 1358 ,CONTRARIETATE
1387 1298 1634 1358 DUOB
1651 1299 1787 1358 ΠΜ
1826 1274 2253 1358 DOMINOR
2269 1299 2406 1359 ΠΜ.
2436 1283 2439 1287 ’

1305 1642 1450 1690 ΟΑΡ.
1489 1642 1529 1690 Ι.

131 1786 147 1830 Η
171 1784 245 1818 ΑεῘι
253 1785 322 1839 [οἱ.
339 1788 404 1818 43α

208 1830 272 1862 Μ
296 1835 319 1858 ό
553 1792 572 1844 ΙΙ
601 1786 745 1837 Sicut
781 1791 857 1834 est
893 1801 1023 1833 unus
1061 1800 1210 1834 verus
1247 1790 1298 1833 et
1344 1800 1568 1833 summus
1615 1783 1848 1832 dominus
1890 1784 1942 1833 in
1982 1783 2104 1834 celis
2139 1779 2408 1853 relsidens,
2457 1807 2459 1811 ¹

418 1872 502 1938 qui
541 1879 617 1921 est
653 1871 853 1921 trinitas
897 1871 1144 1931 increata,
1200 1870 1271 1919 sic
1320 1877 1396 1919 est
1431 1886 1562 1918 unus
1596 1866 1602 1935 Ι
1634 1868 1795 1919 falsus
1834 1876 1884 1918 et
1918 1869 2121 1920 infimus
2158 1869 2408 1932 dominus,

419 1958 503 2023 qui
542 1964 617 2007 est
653 1957 836 2007 sathan
873 1957 1098 2006 residens
1132 1954 1138 2021 1
1170 1957 1223 2006 in
1269 1955 1466 2021 abysso.
1540 1955 1676 2005 Nam
1713 1954 1838 2005 fides
1876 1955 2123 2020 scripture
2157 1955 2415 2018 1011.114“·
2448 1952 2450 1954 ’

418 2050 571 2093 vocat
617 2061 731 2093 eum
782 2043 1064 2107 principem
1110 2042 1260 2091 huius
1296 2041 1498 2102 mundi,
1540 2048 1592 2091 et
1626 2041 1721 2091 Iob
1759 2036 1883 2110 41123
1919 2057 2012 2090 rex
2049 2058 2202 2107 super
2237 2059 2412 2093 omnes

419 2129 548 2179 filios
586 2129 835 2194 superbie.
920 2128 991 2178 Et
1027 2129 1157 2178 sicut
1192 2129 1429 2193 princeps
1474 2127 1559 2177 vel
1602 2144 1694 2176 rex
1730 2126 1852 2177 licet
1895 2126 2026 2177 false
2069 2135 2410 2200 nuncupatur,

423 2216 493 2265 sic
531 2222 698 2280 potest
735 2215 802 2265 ad
839 2232 1039 2265 sensum
1079 2214 1294 2264 similem
1333 2214 1566 2263 dominus
1603 2213 1904 2278 nuncupari.

564 2301 779 2350 Habent
815 2307 986 2350 autem
1031 2300 1103 2349 hii
1141 2300 1241 2349 duo
1280 2299 1472 2348 domini
1516 2299 1683 2363 legem
1729 2299 2007 2363 duplicem,
2061 2298 2292 2350 membra
2327 2300 2416 2350 du·
2445 2298 2459 2326 '¹

421 2388 575 2453 plicia
613 2404 701 2436 seu
737 2393 983 2436 tenentes,
1059 2387 1172 2436 Lex
1210 2393 1381 2436 autem
1420 2385 1502 2435 dei
1539 2392 1590 2435 et
1614 2384 1844 2435 membra
1874 2402 1963 2434 seu
2001 2392 2233 2435 tenentes
2265 2384 2419 2435 Cristi

424 2480 540 2522 sunt
576 2472 662 2521 lex
700 2473 946 2537 scripture
992 2479 1043 2522 et
1078 2473 1411 2538 predestinati
1449 2472 1516 2522 ad
1552 2471 1767 2535 gloriam
1777 2489 1788 2531 ;
1843 2471 1933 2521 sed
1984 2471 2071 2521 lex
2115 2470 2324 2538 dyaboli
2367 2477 2420 2521 et
2451 2525 2455 2527 λ

423 2557 653 2607 membra
690 2575 782 2607 sua
819 2566 937 2608 sunt
971 2559 1058 2608 lex
1095 2558 1342 2623 scripture
1370 2557 1624 2608 contraria
1661 2563 1713 2606 et
1742 2557 1946 2622 presciti
1973 2557 2040 2607 ad
2064 2574 2283 2622 poenam
2307 2573 2418 2622 per·
2439 2541 2459 2604 ἰ

423 2651 645 2709 petuam.

566 2730 637 2779 Et
673 2730 804 2779 sicut
839 2731 910 2779 hii
948 2731 1138 2781 domini
1164 2738 1282 2781 sunt
1307 2730 1616 2780 condicionis
1655 2729 1920 2790 contrarie,
1961 2729 2031 2779 sic
2068 2728 2208 2794 leges
2245 2745 2418 2778 eorum

425 2823 477 2866 et
514 2834 605 2866 sua
644 2833 855 2881 corpora
893 2817 998 2866 sive
1035 2817 1279 2867 membra.
1357 2816 1459 2866 Sed
1512 2833 1628 2866 cum
1678 2819 1844 2881 ‘super
1889 2815 2060 2865 omnia
2095 2814 2257 2866 vincit
2291 2813 2419 2864 veri·

423 2902 541 2962 tas',
596 2919 802 2952 necesse
846 2909 922 2951 est
956 2903 1176 2967 primum
1213 2891 1390 2953 verum
1428 2902 1689 2952 dominum
1727 2901 2007 2951 secundum
2042 2900 2332 2966 putativum
2369 2905 2422 2949 et
2454 2895 2456 2898 ’

424 2988 611 3038 falsum
649 3005 764 3037 cum
802 2989 903 3037 suis
943 2989 1255 3054 appendiciis
1293 3006 1547 3054 superare.
1621 2988 1693 3037 Et
1729 2988 1800 3037 sic
1845 3003 2052 3037 necesse
2103 2993 2202 3048 est,
2227 3039 2231 3047 ¹
2255 2985 2420 3035 solum

426 3090 583 3122 unum
628 3091 734 3123 esse
773 3074 1048 3134 dominum,
1090 3075 1175 3140 qui
1213 3075 1277 3124 de
1315 3075 1519 3124 domino
1557 3074 1802 3139 superiori
1838 3090 1941 3122 non
1977 3069 2172 3133 teneat,
2221 3077 2274 3122 et
2307 3088 2419 3136 pro·
2462 3063 2463 3066 Ἴ

426 3159 785 3224 porcionaliter
822 3160 1095 3209 dicendum
1133 3167 1209 3210 est
1245 3161 1308 3210 de
1347 3178 1439 3210 sua
1474 3160 1672 3210 familia
1709 3166 1860 3224 atque
1896 3159 2024 3224 lege.

569 3245 748 3295 Habet
784 3253 954 3295 autem
991 3246 1077 3295 lex
1114 3247 1361 3311 scripture
1415 3253 1465 3296 et
1514 3263 1605 3311 per
1643 3262 1955 3311 consequens
1999 3242 2229 3293 membra
2267 3241 2421 3292 Oristi
2447 3280 2459 3303 3

428 3348 616 3395 paucos
667 3331 892 3381 fautores
941 3332 1094 3382 hodie
1145 3333 1228 3383 vel
1285 3339 1530 3382 tenentes.
1619 3332 1732 3380 Lex
1784 3338 1955 3380 autem
2008 3329 2214 3395 dyaboli
2265 3327 2424 3378 habet

787 3504 912 3544 GAP.
945 3505 984 3546 Ι.
1043 3506 1062 3524 ‘¹
1090 3518 1124 3543 v.
1147 3506 1202 3547 30
1317 3499 1335 3524 ²²
1365 3517 1398 3543 υ.
1421 3505 1474 3545 25
