2528 4074
118 415 211 454 cap.
243 397 311 453 X]
373 400 467 439 DE
495 396 764 437 CHRISTO
795 395 882 434 ET
907 395 1029 434 szso
1062 390 1481 433 ADVERSARJO
1516 389 1955 430 ANTIOHRISTO.
2047 371 2148 442 677

115 544 197 599 et⁶
243 541 866 597 excommunicacionibus
911 549 964 591 et
1007 541 1232 591 censuris
1277 539 1389 589 aliis
1435 527 1711 606 capiuntur
1758 558 1789 589 a
1836 541 2154 606 simplicibus

114 643 377 700 tamquam
414 633 559 692 fides,
604 638 656 681 et
693 648 810 680 cum
849 635 1045 679 certum
1085 629 1169 689 sit,
1212 623 1380 694 quod⁷
1422 645 1562 693 papa
1601 627 1666 676 sit
1703 627 1781 676 vir
1818 628 2150 693 temptabilis,

87 715 91 719 ¹
113 728 166 772 et
188 738 220 771 a
245 719 420 769 multis
452 707 687 785 dyabolis
718 717 922 768 assidue
948 723 1025 766 est
1049 721 1348 781 temptatus,
1383 711 1515 765 -nec3
1543 721 1621 764 est
1647 714 1772 764 deus
1800 716 2150 777 necessitatus,

113 803 418 860 electoribus
453 806 563 856 istis
601 803 1026 866 condescendere,
1070 802 1242 853 dando
1280 802 1364 852 isti
1397 819 1531 868 pape
1558 802 1788 868 graciam
1816 809 1867 851 et
1892 802 2150 864 virtutem,

46 902 268 964 ⁴5patet,
309 894 446 962 quod
483 893 707 944 faciliter
742 898 914 959 potest
951 904 1186 950 corruere
1224 891 1277 939 in
1316 886 1708 957 quamcunque²⁹
1744 891 2043 956 voraginem
2081 891 2153 941 vi-

110 985 318 1035 ciorum.
393 981 532 1032 Nam
579 980 800 1047 apostoli
851 987 909 1030 ut
960 979 1145 1029 Petrus
1191 986 1242 1029 et
1294 979 1449 1028 ceteri
1499 978 1554 1027 in
1598 979 1867 1045 presencia
1920 981 2154 1045 magistri

56 1127 86 1137 7⁴
109 1070 286 1138 optimi
322 1068 376 1119 in
413 1069 579 1120 multa
616 1069 751 1119 vicia
791 1063 1159 1119 corruerunt.1⁰
1225 1066 1400 1129 Quare
1440 1084 1560 1131 ergo
1601 1063 1732 1116 est²²
1773 1067 1899 1117 deus
1937 1070 2153 1119 necessi-

106 1153 301 1210 tatus²²
337 1157 406 1208 ad
445 1156 674 1207 dandum
712 1156 832 1206 huic
869 1173 1008 1222 pape
1046 1155 1291 1220 graciam,
1335 1155 1421 1221 qui
1458 1161 1630 1220 preter
1656 1155 1764 1205 eius
1790 1146 2152 1207 aucteritatem

0 1297 3 1303 ζ
105 1247 158 1297 in
202 1263 350 1296 suum
395 1252 502 1295 tam
550 1245 794 1294 eximium
841 1243 1090 1294 vicarium
1138 1250 1214 1292 est
1259 1241 1485 1292 electus?
1549 1242 1753 1293 Revera
1797 1244 2023 1306 videtur,
2081 1246 2151 1296 sic

0 1320 375 1401 lithopinantes
427 1332 728 1399 blaspheme
780 1332 1014 1391 innuere,
1082 1330 1220 1397 quod
1273 1330 1414 1396 apud
1469 1329 1694 1380 Cristum
1749 1332 1813 1381 sit
1867 1334 2152 1383 necessario

106 1421 344 1488 accepcio
382 1437 733 1487 personarum,
776 1420 912 1487 quod
952 1426 1029 1469 est
1068 1426 1248 1469 contra
1289 1418 1580 1485 apostolum
1622 1418 1689 1468 ad
1731 1418 1849 1469 Gal.
1892 1421 2153 1470 secundoa

36 1497 82 1564 ’ἑ
105 1516 158 1561 et
193 1526 312 1575 sepe
350 1504 516 1559 alibi.²²

0 1554 82 1693 ξ
248 1596 494 1647 Similiter
547 1614 664 1647 cum
719 1595 961 1663 superbia
1006 1596 1071 1646 sit
1114 1614 1205 1668 pes
1248 1595 1499 1646 inducens
1542 1595 1597 1644 in
1641 1603 1804 1646 totam
1850 1597 2151 1662 voraginem

39 1682 363 1747 f‘viciorum,
404 1692 457 1735 et
491 1686 587 1736 iste
626 1685 878 1752 primatus
905 1692 1084 1735 contra
1109 1684 1412 1734 mandatum
1443 1683 1635 1733 domini
1662 1685 1798 1750 sapit
1822 1685 2152 1736 manifestam

0 1759 37 1821 Γ,
72 1769 470 1840 superbiam‚13
507 1773 727 1834 videtur,
770 1773 907 1840 quod
943 1773 1039 1824 iste
1078 1772 1308 1840 prelatus
1347 1772 1412 1821 sit
1450 1772 1862 1823 manifestissime
1901 1772 2073 1824 labilis
2098 1775 2151 1823 in

100 1868 387 1930 peccatum.
453 1861 592 1911 Nam
629 1859 839 1911 Psalmo
878 1862 1133 1911 tricesimo
1173 1861 1378 1928 quinto⁰
1419 1860 1626 1910 dicitur:
1668 1878 1771 1910 non
1812 1861 1989 1911 veniat
2027 1862 2151 1911 mihi

0 1963 3 1991 ῑ
36 1954 54 2009 ³}
100 1966 191 2017 pes
229 1948 480 2015 superbie,
523 1956 575 1999 et
611 1966 795 1999 manus
833 1950 1121 2017 peccatoris
1159 1967 1262 1999 non
1301 1955 1509 1998 moveat
1547 1965 1643 1998 me.
1709 1948 1795 1998 Ex
1835 1968 1935 2016 quo
1975 1950 2151 2000 fideles

0 2065 2 2108 j
103 2038 334 2099 eliciunt,
376 2037 512 2104 quod
552 2037 795 2104 superbia
834 2045 911 2088 est
948 2038 1143 2104 primus
1181 2033 1341 2103 pes,14
1379 2054 1472 2102 per
1510 2055 1661 2103 quem
1699 2045 1945 2104 peccator
1983 2056 2014 2088 a
2053 2039 2150 2089 deo

101 2126 311 2187 decidit,
368 2133 426 2176 ut
479 2132 629 2192 patet
680 2126 744 2176 de
790 2126 1034 2176 Lucifero
1082 2132 1133 2175 et
1178 2125 1291 2175 aliis
1336 2125 1568 2191 personis
1612 2126 1666 2175 in
1712 2126 1931 2176 ecclesia
1977 2145 2007 2176 a
2054 2128 2150 2178 deo

29 2280 34 2282 -
100 2210 581 2281 apostatantibus¹⁵

241 2301 315 2352 Et
365 2309 615 2369 quantum
669 2300 737 2352 ad
789 2319 974 2352 manus
1027 2309 1381 2368 peccatorum,
1438 2301 1504 2350 ad
1551 2303 1829 2353 varietates
1876 2304 2143 2353 criminum

10 2384 23 2391 ⁹
62 2376 78 2431 ἶ
99 2390 398 2452 excitantes,
446 2398 606 2457 patet,
655 2391 794 2456 quod
838 2407 980 2457 papa
1027 2408 1093 2439 ex
1139 2407 1229 2439 suo
1275 2397 1575 2456 presumpto
1617 2390 1786 2440 officio
1827 2392 1894 2441 ad
1935 2392 2144 2442 diversi-

24 2524 33 2549 4
80 2484 255 2529 tatem
284 2484 303 2537 ΙΙ
333 2496 609 2529 consensus
653 2479 857 2546 peccati
901 2478 1180 2528 multorum
1228 2479 1493 2528 hominum
1539 2486 1617 2528 est
1660 2487 1960 2546 temptatus
2038 2481 2146 2531 Ubi
2169 2482 2182 2525 l'
2206 2483 2322 2523 ΑΜ·
2346 2483 2438 2515 Ἀθά

30 2584 68 2629 j
98 2567 232 2617 enim
285 2566 485 2617 Cristus
537 2567 704 2618 noluit
756 2584 823 2617 ex
877 2584 971 2616 sua
1024 2566 1389 2616 omnisciencia
1442 2584 1551 2616 esse
1605 2567 1765 2618 iudex
1818 2569 1899 2619 vel
1952 2570 2144 2621 divisor

0 2691 28 2702 ,.
58 2681 69 2722 4
97 2652 346 2706 bonorum
392 2651 675 2716 fortune‚1⁶‘
719 2662 778 2705 ut
814 2662 961 2722 patet
998 2653 1128 2705 Luc.
1171 2651 1529 2716 duodecimo,d
1566 2673 1708 2722 papa
1748 2658 1889 2723 capit
1927 2655 2139 2725 supra¹⁷

461 2816 590 2856 C'AP.
625 2816 682 2856 X.
739 2818 760 2838 ‘¹
789 2831 825 2856 v.
849 2820 874 2857 6
1009 2812 1026 2837 ¹¹
1057 2829 1136 2867 cp„
1174 2817 1246 2868 for
1275 2816 1479 2862 instance,
1511 2816 1637 2856 Deus.
1677 2821 1740 2869 10,
1780 2822 1852 2867 l7;
1902 2820 1963 2858 II
1992 2821 2140 2860 cleron.

390 2892 456 2935 19,
490 2892 535 2937 7,·
568 2888 651 2928 Job
683 2892 751 2940 34,
779 2893 852 2936 19,·
893 2889 1073 2929 Ecclesi.
1107 2892 1176 2940 35,
1205 2893 1277 2936 16,-
1312 2890 1417 2928 Acts
1454 2893 1518 2937 ΙΙ),
1549 2894 1627 2938 34,·
1669 2891 1791 2934 Rom.
1824 2895 1864 2939 9,
1891 2895 1964 2940 ll,·
1999 2894 2139 2934 [Pes.

388 2965 425 3008 1,
450 2965 502 3003 17
622 2965 638 2984 ⁶
667 2976 731 3014 cp.
764 2964 835 3003 Ps.
868 2966 938 3010 36,
973 2965 1024 3003 12
1136 2958 1157 2984 ‘³
1186 2977 1222 3002 υ.
1243 2965 1415 3004 22—-99

36 3153 43 3159 .
213 3105 231 3129 ⁶
262 3109 366 3149 etA
427 3107 544 3149 deB
603 3123 680 3150 om.
700 3109 780 3148 OD
904 3105 920 3130 ⁷
953 3112 999 3149 et
1028 3107 1130 3150 cum
1161 3114 1266 3150 cert.
1299 3111 1354 3151 sit
1377 3110 1495 3165 quod
1514 3112 1554 3149 A
1618 3115 1663 3152 et
1692 3115 1843 3153 tamen
1874 3117 2044 3152 certum
2076 3118 2143 3154 est

16 3190 58 3221 ,ἃ
95 3193 195 3222 eum
212 3182 335 3221 BOD
488 3179 507 3204 ⁸
536 3195 621 3224 nec
636 3183 773 3223 ΑΒΗ
852 3186 903 3222 ut
920 3183 954 3222 Ο
1105 3180 1122 3204 ⁹
1153 3196 1465 3238 quamcunque
1486 3185 1609 3223 ACD
1688 3189 2081 3240 quantamcunque
2099 3188 2142 3225 B

98 3250 134 3277 ¹⁰
161 3255 206 3295 im
234 3256 278 3295 Α
308 3256 346 3295 is
376 3256 476 3296 add.
507 3256 552 3296 im
580 3269 712 3297 mam..-
757 3256 917 3297 Petrus
949 3260 994 3297 et
1024 3256 1160 3298 ceteri
1196 3257 1243 3297 in
1273 3258 1504 3312 presencia
1536 3258 1733 3312 magistri
1764 3258 1917 3312 optimi
1948 3258 1994 3299 in
2025 3259 2142 3312 vicia

12 3347 36 3379 f
61 3336 64 3337 ’
94 3332 354 3369 corruerunt
370 3325 433 3368 A³
550 3325 587 3351 ¹¹
617 3333 686 3371 est
700 3331 790 3369 AB
848 3343 925 3370 om.
945 3330 1022 3369 OD
1142 3327 1178 3351 ¹2
1208 3344 1309 3385 qua.
1342 3345 1401 3372 er.
1434 3335 1500 3372 est
1529 3330 1596 3371 de.
1627 3333 1782 3372 nec.A
1844 3344 1946 3385 qua.
1979 3345 2039 3373 er.
2071 3332 2140 3373 de.

53 3422 63 3432 ·
96 3403 174 3441 est.
204 3413 302 3442 nec.
321 3402 365 3440 B
424 3415 526 3456 qua.
558 3415 618 3444 er.
651 3402 719 3445 de,
741 3415 838 3443 nec.
864 3403 941 3442 OD
1060 3399 1097 3424 ¹3
1126 3405 1169 3444 in
1190 3405 1235 3443 D
1255 3406 1299 3445 in
1319 3419 1447 3445 maru:
1480 3404 1701 3445 Primatus
1722 3404 1837 3458 sapit
1858 3405 2139 3446 manifestam

29 3466 65 3514 '‘ss
94 3471 427 3527 superbiamffi
546 3472 581 3497 ¹4
612 3477 656 3516 in
676 3477 717 3516 Α
749 3477 794 3517 in
822 3489 952 3517 mam:
990 3477 1077 3518 Pes
1114 3477 1280 3532 primus
1312 3483 1378 3519 est
1415 3478 1624 3532 superbia
1641 3474 1704 3517 ,43
1823 3475 1860 3499 ¹5
1889 3483 2139 3532 apostatan-

14 3558 53 3587 ³,
94 3545 211 3588 tibus
227 3547 308 3587 ΒΟ
362 3548 717 3602 apostotantibus
732 3550 824 3589 AD
943 3546 978 3572 ²⁶
1007 3551 1052 3590 in
1073 3551 1114 3590 Α
1137 3551 1174 3591 is
1204 3552 1304 3593 add.
1325 3553 1370 3593 in
1390 3566 1495 3593 mar.
1509 3570 1520 3592 :
1552 3552 1679 3606 Papa
1699 3550 1902 3593 dividens
1923 3551 2141 3595 beneficia

23 3592 50 3691 Ξ,
97 3623 213 3666 errat
228 3617 289 3662 ΑΙ
410 3618 446 3645 ¹⁷
475 3635 610 3677 supra
629 3622 755 3663 ΑΘΒ
814 3636 947 3678 super
964 3625 1007 3663 B
