2528 4074
372 397 473 445 806

371 535 648 590 Presumpcio
678 535 858 576 fratrum
889 536 956 577 96.

373 615 427 622 —
457 592 613 634 stolida
641 598 919 647 patronorum
947 597 1163 634 sectarum
1194 592 1289 634 704.

370 650 553 691 —cione
581 650 814 691 temeraria
841 662 990 692 verum
1021 649 1163 690 dicere
1183 661 1333 703 pecca·

432 712 525 748 tum
555 711 621 749 est
651 708 746 749 350.

372 764 605 806 Prevalere
641 764 855 806 credimus
891 768 1042 805 contra
1076 764 1221 818 legem
1259 764 1331 805 do-

429 822 535 862 mini
542 821 780 863 secundum
789 821 1020 862 fantasiam
1029 821 1216 862 activam
1232 822 1331 862 419.

370 878 669 920 Prevaricacio
687 883 902 919 sectarum
917 882 1067 919 contra
1080 878 1332 918 mandatum

429 941 631 977 octavum
668 936 761 976 137.

370 1015 427 1022 -
447 992 752 1033 canonicorum
769 995 918 1033 contra
933 997 1135 1032 octavum
1155 991 1331 1032 manda-

428 1055 521 1090 tum
554 1050 648 1090 137.

371 1129 425 1136 -
455 1105 723 1160 singulorum
752 1105 1054 1146 mandatorum
1085 1106 1180 1146 119.

372 1185 425 1191 -—
454 1163 592 1204 tocius
621 1161 772 1203 mundi
802 1162 897 1205 120.

369 1221 414 1260 in
430 1220 612 1261 -cione
621 1219 752 1261 deum
767 1219 895 1260 homo
904 1219 1037 1273 gratis
1046 1218 1226 1260 offendit
1237 1219 1331 1260 124.

369 1276 637 1319 Prevaricari
683 1276 730 1317 in
785 1276 1056 1330 deturpando
1104 1288 1333 1330 personam

429 1334 612 1375 ecclesie
645 1334 739 1375 121.

372 1396 583 1432 —cantur
611 1391 736 1432 multi
766 1390 821 1432 (16
850 1395 971 1432 secta
1000 1389 1127 1431 Cristi
1158 1391 1253 1432 145.

370 1470 424 1478 -·
446 1449 492 1489 in
509 1452 683 1490 sextum
701 1447 954 1488 mandatum
973 1448 1166 1489 secunde
1183 1447 1334 1489 tabule

426 1505 603 1547 cottidie
631 1505 758 1546 multi
788 1506 882 1547 122.

370 1585 424 1592 -
455 1568 574 1604 secte
603 1567 788 1616 quatuor
806 1562 852 1602 in
877 1562 1015 1616 primo
1035 1561 1241 1603 mandato
1261 1562 1332 1603 de-

427 1620 570 1674 calogi
601 1620 695 1660 127.

369 1699 423 1706 -
454 1677 500 1717 111
536 1676 790 1717 mandatum
824 1675 1007 1716 tercium
1041 1675 1232 1717 secunde
1269 1681 1332 1717 ta-

427 1733 531 1775 bule
547 1732 819 1787 deturpando
838 1745 1019 1773 uxorem
1033 1733 1218 1787 proximi
1235 1734 1330 1775 121.

368 1795 550 1832 -catur
591 1795 708 1831 totus
746 1790 934 1831 mundus
982 1790 1028 1830 in
1076 1791 1332 1832 mandatum

425 1847 664 1889 secundum
696 1847 791 1889 120.

367 1905 669 1946 Prevaricator
694 1904 997 1945 mandatorum
1017 1904 1217 1961 decalogi
1236 1905 1333 1960 quis

424 1962 627 2003 videatur
663 1962 759 2004 241.

368 2024 540 2060 —tores
567 2019 743 2073 pessimi
771 2019 1074 2060 mandatorum
1106 2019 1201 2061 119.

366 2099 420 2106 —-
452 2077 639 2132 gentiles
668 2076 863 2117 mandati
890 2076 1018 2130 primi
1049 2077 1143 2118 120.

367 2156 420 2163 —
452 2138 554 2175 sunt
581 2134 627 2174 in
656 2134 853 2188 qualibet
873 2138 997 2188 parte
1018 2133 1202 2175 ecclesie
1235 2135 1330 2176 144.

364 2191 513 2232 Prima
540 2195 660 2232 secta
677 2190 904 2245 profitetur
921 2203 1081 2245 papam
1099 2196 1332 2246 patronum

365 2307 411 2346 in
447 2328 503 2336 —
539 2306 755 2359 particula
796 2306 992 2347 mandati
1034 2306 1161 2360 primi
1203 2305 1331 2347 homo

425 2362 573 2404 deficit
603 2363 698 2404 123.

367 2433 517 2461 ——mos
546 2420 711 2461 fructus
742 2420 956 2474 quomodo
986 2432 1101 2474 papa
1130 2425 1176 2462 et
1195 2420 1330 2462 cardi—

426 2477 550 2518 nales
580 2477 635 2518 de
663 2477 896 2531 provinciis
925 2477 1118 2519 habeant
1147 2479 1214 2520 32.

366 2534 603 2575 Primarius
631 2547 782 2575 sensus
811 2534 1022 2588 scripture
1052 2535 1134 2576 75.

367 2591 489 2632 —ria
517 2591 735 2632 ordinacio
756 2591 919 2633 domini
949 2593 1045 2633 352.

366 2648 584 2689 Primatus
613 2649 905 2702 apostolorum
936 2649 1032 2690 663.

367 2709 517 2746 —tum
546 2705 815 2746 mundanum
836 2705 999 2746 Cristus
1027 2706 1209 2761 negavit
1235 2707 1332 2748 703.

366 2762 579 2803 Primitivi
608 2762 810 2803 monachi
841 2763 936 2804 134.

366 2819 574 2873 Princeps
602 2819 730 2860 huius
758 2819 910 2860 mundi
937 2819 1092 2860 sathan
1119 2821 1216 2862 698.

367 2899 422 2905 -
453 2876 745 2931 apostolorum
773 2876 870 2931 quis
900 2878 996 2918 665.

368 2957 422 2963 —
451 2933 692 2975 Edwardus
729 2933 860 2975 fidem
895 2933 1100 2975 trinitatis
1137 2933 1333 2976 defendit

366 3048 542 3102 ——cipes
577 3047 731 3088 mundi
762 3052 969 3089 tenentur
995 3047 1077 3089 niti
1106 3048 1329 3090 destruere

423 3105 599 3146 hereses
649 3105 890 3146 fomentum
937 3105 1230 3146 subtrahendo
1287 3110 1331 3147 et

423 3161 662 3219 proditores
699 3162 863 3203 domini
889 3175 979 3203 non
1008 3162 1195 3204 fovendo
1231 3163 1328 3204 432.

366 3242 422 3249 -
452 3218 605 3260 mundi
631 3232 721 3260 non
748 3219 913 3261 habent
945 3224 1207 3274 potestatem
1235 3220 1331 3260 mit-

424 3275 546 3318 tendi
573 3276 712 3331 legios
742 3277 838 3319 550.

367 3355 422 3362 —
461 3347 560 3374 cum
599 3333 820 3375 anticristo
850 3333 1118 3375 collaborant
1152 3334 1199 3374 in
1227 3333 1331 3375 cita-

425 3390 550 3432 cione
580 3391 676 3432 553.

366 3468 422 3476 ·-
452 3447 498 3488 in
527 3447 738 3489 citacione
766 3447 913 3503 legem
942 3447 1105 3489 domini
1124 3447 1331 3489 deserunt

424 3505 522 3546 553.

1099 392 1402 434 GENERAL
1432 393 1648 434 INDEX.

1415 707 1680 761 Principium
1709 707 1925 748 exercitus
1954 706 2131 760 dyaboli
2158 707 2255 758 324.
2309 767 2313 772 .
2381 746 2408 756 ,,

1418 535 1642 589 Principes
1672 535 1758 577 duo
1787 535 1832 575 in
1861 534 2024 576 mundo
2053 539 2156 577 sunt
2184 536 2280 578 328.
2364 570 2372 586 ,

1419 615 1472 630 —
1504 592 1654 633 mundi
1667 606 1756 634 non
1763 592 2054 634 suntheredes
2060 592 2264 647 legittimi
2279 593 2377 639 168.

1418 648 1618 704 —cipum
1648 654 1808 691 mortes
1836 649 2002 691 faciunt
2029 654 2147 691 secte
2174 650 2242 693 74.
2268 681 2271 683 Α
2405 657 2411 672 ‘

1419 787 1471 794 —
1503 764 1659 805 dicitur
1686 763 1932 805 intellectus
1960 763 2058 806 211.

1421 842 1470 851 —
1504 833 1532 861 a
1559 821 1780 875 sapiencia
1806 821 2045 875 procedens
2072 821 2170 863 211.

1419 901 1471 907 —
1504 878 1644 931 operis
1673 878 1880 919 meritorii
1908 877 2071 921 Gristus
2101 878 2198 920 701.

1419 957 1470 963 -
1503 934 1780 976 individuans
1811 935 1907 978 100.
2407 966 2410 970 -
2486 981 2488 997 ι

1423 1013 1469 1020 -
1503 990 1763 1033 medicinale
1799 996 1881 1044 est,
1924 1005 2015 1034 non
2048 992 2227 1034 credere
2263 993 2382 1040 omni
2416 1008 2417 1011 ¹
2483 1003 2490 1049 f

1475 1048 1643 1102 spiritui
1671 1049 1772 1091 424.

1421 1128 1472 1135 —
1503 1104 1606 1146 fidei
1635 1109 1701 1146 est
1729 1104 1905 1146 obedire
1934 1103 2018 1147 deo
2051 1105 2150 1148 301.
2420 1144 2421 1147 ,

1419 1162 1557 1216 —piis
1585 1162 1631 1202 in
1655 1162 1787 1203 inicio
1807 1162 1978 1204 obstare
1995 1174 2178 1206 necesse
2195 1168 2263 1206 est
2280 1165 2378 1206 599.

1418 1220 1589 1260 Priores
1624 1223 1842 1260 sectarum
1877 1218 2104 1261 lucrantur
2135 1219 2269 1262 nichil
2295 1221 2380 1263 nisi

1473 1276 1704 1331 ypocrisim
1733 1275 1834 1318 303.

1419 1356 1473 1363 -—
1503 1338 1720 1375 sectarum
1748 1332 1893 1374 stolidi
1925 1333 2023 1375 302.

1420 1413 1474 1420 —
1504 1391 1643 1432 sancti
1671 1391 1868 1432 doctores
1897 1391 1966 1432 74.
2415 1435 2417 1440 ,

1420 1470 1473 1477 -
1489 1461 1673 1502 persone
1689 1452 1840 1489 contra
1853 1452 1991 1490 sectes
2008 1446 2268 1490 invehentes
2283 1448 2380 1493 175.
2490 1462 2492 1498 ε

1419 1527 1474 1534 -
1510 1518 1562 1546 ac
1601 1505 1781 1546 abbates
1819 1509 2037 1546 sectarum
2071 1509 2174 1547 sunt
2207 1503 2385 1559 dyaboli
2403 1538 2408 1562 ·.
2490 1534 2492 1539 ,

1474 1562 1695 1603 manifesti
1726 1563 1820 1604 141.
2490 1555 2491 1569 ’

1417 1620 1596 1661 Privata
1622 1619 1776 1674 religio
1805 1618 1911 1673 quid
1939 1623 2007 1661 est
2033 1619 2132 1661 453.
2218 1652 2221 1654 .

1419 1699 1473 1706 —
1502 1676 1656 1731 religio
1675 1677 1790 1731 sapit
1808 1676 2189 1731 imperfeccionem
2210 1681 2257 1718 et
2282 1654 2394 1732 pec-¹

1475 1738 1621 1775 catum
1649 1734 1746 1775 453.

1419 1814 1473 1820 -
1502 1790 1658 1845 religio
1688 1795 1754 1832 est
1779 1795 1944 1832 statuta
1959 1791 2007 1832 in
2027 1790 2162 1845 plena
2179 1788 2411 1844 1116051118]-

1418 1927 1475 1935 —
1504 1905 1659 1960 religio
1687 1917 1795 1945 num
1823 1903 2054 1958 culpabilis
2081 1905 2180 1948 491.
2303 1942 2310 1951 Γ

1419 1985 1472 1992 -
1502 1962 1656 2017 religio
1681 1966 1858 2016 propter
1882 1961 2167 2004 inclusionem
2193 1962 2394 2006 stulticie*

1475 2019 1704 2074 culpabilis
1733 2020 1831 2060 493.

1419 2101 1472 2107 —
1502 2077 1657 2132 religio
1687 2075 1886 2131 obligans
1914 2076 2203 2130 professorem
2230 2076 2288 2119 ad
2315 2088 2384 2120 se-

1474 2134 1697 2189 quendum
1725 2133 1945 2175 hominem
1973 2134 2054 2175 sub
2083 2133 2222 2176 Gristo
2249 2134 2348 2177 494.
2391 2143 2396 2148 ’

1419 2215 1472 2222 -
1502 2191 1656 2247 religio
1685 2204 1775 2232 non
1805 2195 1871 2232 est
1899 2190 2048 2233 divina
2075 2192 2174 2234 495.
2391 2199 2399 2214 ’

1418 2272 1472 2280 -
1503 2253 1624 2290 secta
1658 2260 1844 2290 onerosa
1879 2248 2064 2290 ecclesie
2101 2253 2147 2291 61
2178 2245 2397 2304 111ῃ111Ρ11ξ

1474 2306 1582 2348 citer
1610 2305 1828 2347 defectiva
1857 2306 1954 2347 302.
2389 2315 2392 2318 ·

1418 2387 1471 2393 -
1501 2363 1645 2404 oracio
1674 2363 1768 2404 sine
1794 2363 1966 2404 iusticia
1982 2361 2118 2405 nichil
2134 2363 2257 2406 valet
2284 2341 2385 2406 34.7
2392 2375 2394 2377 ’

1417 2443 1472 2450 -—
1502 2420 1684 2462 consilia
1711 2424 1814 2461 sunt
1841 2431 1946 2474 sepe
1975 2421 2193 2462 contraria
2218 2418 2397 2473 1501οῇ

1419 2557 1473 2565 -
1505 2508 1781 2589 consumpcio
1810 2535 2024 2576 bonorum
2051 2534 2236 2578 ecclesie
2266 2535 2378 2579 136.
2386 2559 2390 2564 v

1418 2616 1473 2622 —
1489 2591 1644 2647 regula
1663 2604 1691 2632 a
1705 2591 1833 2634 sectis
1846 2591 1987 2647 magis
2000 2591 2237 2634 honoratur
2249 2603 2387 2648 quan-

1476 2649 1768 2704 ewangelium
1799 2650 1895 2691 140.
2395 2671 2397 2674 <

1419 2730 1472 2736 -
1501 2706 1718 2772 obligacio
1747 2706 1933 2747 multum
1963 2710 2149 2761 occupat
2169 2706 2226 2748 de
2288 2724 2293 2743 ι
2319 2727 2350 2743 ι»-

1474 2764 1607 2805 citate
1636 2763 1822 2804 hominis
1854 2764 1949 2805 142.

1417 2821 1475 2862 ad
1495 2825 1619 2862 —tas
1637 2821 1751 2862 vitas
1765 2821 1992 2862 consulere
2006 2821 2188 2862 stultum
2202 2826 2270 2864 est
2281 2821 2381 2883 526.
2387 2824 2391 2830 '

1418 2882 1520 2919 -te
1547 2877 1770 2933 religionis
1797 2878 2018 2932 proprium
2049 2878 2144 2920 187.
2383 2915 2386 2918 .

1417 2958 1472 2965 -
1503 2939 1620 2976 56016
1650 2935 1956 2989 delinquentes
1974 2939 2126 2977 contra
2141 2935 2288 2992 legem
2307 2935 2353 2978 (1
2382 2953 2395 2968 .-

1472 2992 1580 3032 mini
1611 2993 1706 3034 137.
2386 3035 2387 3039 ,

1415 3073 1473 3080 -
1502 3053 1620 3091 secte
1656 3062 1746 3090 non
1782 3049 2020 3103 approbate
2049 3061 2078 3090 a
2105 3049 2280 3095 domino
2309 3056 2394 3102 22

1415 3129 1471 3136 —
1501 3111 1619 3147 secte
1654 3106 1903 3147 redundant
1934 3106 1992 3147 ad
2019 3105 2255 3164 dampnum
2282 3113 2397 3157 reli-³

1474 3163 1614 3218 gionis
1643 3163 1742 3204 476.
2397 3187 2404 3190 -

1416 3243 1470 3250 ——
1501 3219 1755 3261 obediencie
1784 3219 2028 3261 distrahunt
2055 3232 2084 3261 a
2113 3216 2251 3259 Cristo
2279 3194 2391 3254 476·

1417 3278 1507 3318 ——ti
1537 3277 1708 3318 ordines
1737 3277 1852 3331 ipsos
1881 3281 2058 3318 servant
2086 3277 2384 3318 61...

1416 3358 1468 3363 -
1501 3334 1673 3376 ordines
1703 3333 1936 3375 elevantur
1966 3334 2061 3375 102.

1417 3415 1468 3421 —
1499 3391 1671 3445 patroni
1685 3396 1786 3432 sunt
1800 3395 1924 3432 extra
1936 3390 2068 3432 fidem
2082 3387 2293 3445 scripture
2306 3388 2409 3442 244,-Ι

1417 3471 1469 3478 —-
1507 3448 1680 3502 patroni
1695 3494 1698 3496 ,
1715 3448 1891 3502 privant
1933 3460 1980 3490 se
2025 3452 2070 3489 et
2110 3451 2252 3489 sectas
2288 3457 2381 3487 me·

1471 3506 1552 3546 rito
1583 3506 1651 3547 32.
