2528 4074
43 2876 56 2918 {l
74 2876 225 2916 Aehfol.
242 2880 308 2910 48‘1

342 341 442 388 710
1041 336 1359 376 JOHANNJS
1396 337 1634 384 WIOLIE*
2062 335 2171 392 [wav-
2208 338 2339 378 ΠΗ

338 487 480 544 patet
517 480 579 530 de
615 479 767 529 Petro
806 487 856 529 et
892 479 1070 529 ceteris
1107 486 1158 529 et
1193 480 1510 544 generaliter,
1547 487 1605 530 ut
1634 488 1780 546 patet
1810 481 1872 530 de
1897 481 2132 531 fidelibus
2169 498 2332 531 sacer—

340 565 541 615 dotibus
592 572 783 615 sectam
834 581 978 614 suam
1007 582 1153 629 ‘pure
1189 565 1501 630 tenentibus,
1557 583 1588 615 a
1641 584 1741 632 qua
1776 567 1945 616 vocali
1981 565 2334 617 nominacione

339 659 473 701 secte
499 659 716 717 quatuor
742 651 942 714 cognite
968 657 1086 699 sunt
1119 657 1369 715 exempte.
1433 650 1557 701 Ideo
1583 648 1728 702 vivat
1765 652 2000 702 sacerdos
2038 651 2142 716 legi
2179 650 2334 702 Cristi

338 736 685 796 conformiter,
742 743 792 785 et
843 735 1007 785 audeo
1061 735 1250 795 dicere,
1310 736 1444 800 quod
1481 737 1534 784 in
1571 737 1740 787 verbis
1778 738 2050 803 applicatis
2088 737 2332 803 apostolis

337 828 526 871 statum
563 839 710 871 suum
738 819 948 880 Cristus,
987 820 1108 869 licet
1144 820 1463 884 generaliter,
1503 821 1758 872 limitavit.

479 907 715 956 Doceant
770 923 889 970 ergo
926 905 1132 965 fratres,
1173 906 1452 955 secundum
1490 923 1742 971 ysagogas
1779 906 2013 956 Porfirii⁰
2048 907 2134 958 vel
2171 914 2332 958 artem

336 1010 480 1042 suam
517 991 964 1056 nigromanticam,
1005 991 1140 1056 quod
1178 989 1374 1041 Cristus
1412 999 1602 1041 statum
1641 1009 1787 1041 suum
1826 992 2116 1058 aliqualiter
2152 1010 2333 1059 appro-

335 1078 492 1138 bavit,
534 1086 584 1126 et
619 1084 741 1126 tunc
781 1077 843 1125 de
881 1083 1023 1125 tanto
1061 1083 1113 1125 et
1149 1093 1251 1126 non
1289 1077 1507 1142 amplius
1546 1085 1664 1127 sunt
1699 1064 1966 1127 fundandi.

476 1163 601 1212 Ideo
640 1161 942 1212 erubescant
977 1161 1334 1226 nigromantici
1379 1180 1593 1228 arguere
1639 1163 1788 1229 quod,
1840 1169 2003 1213 status
2038 1164 2333 1215 individuus

335 1249 613 1299 sacerdotis
650 1265 751 1297 non
775 1247 892 1313 plus
918 1264 1070 1313 quam
1096 1255 1257 1297 status
1283 1249 1535 1312 generalis
1565 1249 1789 1313 religiosi
1825 1249 1976 1299 hodie
2012 1249 2332 1300 introductus
2349 1265 2403 1304 10
2468 1251 2471 1305 s
2500 1246 2501 1251 ¹

335 1342 412 1384 est
456 1352 486 1384 a
533 1334 736 1384 domino
790 1332 1124 1399 approbatus,
1180 1334 1299 1399 quia
1350 1335 1639 1384 sacerdotes
1689 1335 1871 1384 docere
1922 1341 2158 1399 possunt,
2214 1353 2333 1402 quo·
2475 1326 2477 1329 ⁵
2526 1331 2528 1338 '

334 1421 484 1470 modo
523 1427 684 1470 status
723 1436 842 1469 suus
890 1419 1186 1483 generalis,
1219 1419 1340 1469 licet
1375 1420 1429 1469 in
1473 1420 1646 1470 multis
1694 1421 2005 1485 degenerent
2042 1437 2073 1470 a
2111 1421 2330 1482 domino,

335 1505 669 1571 approbatur,
726 1505 817 1554 sed
861 1505 956 1554 iste
1003 1512 1139 1554 secte
1176 1522 1269 1555 nec
1306 1494 1519 1570 possunt
1561 1506 1827 1556 individua
1863 1523 1958 1556 nec
1995 1523 2186 1571 genera
2222 1524 2334 1557 suo-

332 1609 445 1639 rum
483 1598 708 1640 statuum
743 1591 988 1640 invenire.

370 1742 375 1750 ,
474 1675 598 1725 Ideo
637 1676 814 1725 dicunt
851 1676 1080 1742 quidam,
1135 1677 1270 1743 quod
1316 1675 1512 1726 Oristus
1563 1694 1843 1743 numquam
1895 1677 2204 1742 generaliter
2246 1677 2332 1728 vel
2349 1693 2402 1732 15

332 1761 621 1826 specialiter
659 1762 722 1811 de
760 1762 881 1827 ipsis
917 1762 1132 1812 recoluit
1169 1762 1265 1811 nisi
1301 1762 1433 1811 forte
1464 1762 1789 1827 reprobative
1828 1780 1892 1812 ex
1929 1763 2041 1824 hoc,
2082 1763 2220 1830 quod
2256 1771 2334 1814 est

333 1848 649 1908 omnisciens,
690 1865 805 1897 cum
842 1848 1028 1897 Matth.
1071 1851 1173 1898 2510
1209 1849 1263 1897 in
1298 1848 1464 1897 forma
1514 1848 1774 1898 fatuarum
1821 1849 2069 1914 virginem
2108 1850 2172 1899 de
2209 1849 2332 1915 ipsis

330 1934 574 1999 loquitur:
616 1951 765 1983 amen
798 1935 913 1984 dico
952 1933 1113 1994 vobis,
1154 1934 1324 1983 nescio
1362 1951 1468 1983 vos.

471 2018 581 2069 Ista
616 2037 784 2084 pauca
820 2020 1115 2070 nunciative
1154 2020 1385 2080 dixerim,
1425 2026 1482 2069 ut
1517 2020 1708 2070 veritas
1746 2020 1998 2086 scripture
2045 2021 2332 2071 occasiona-

329 2106 445 2155 liter
480 2105 596 2170 plus
632 2105 875 2156 lucescat.
2346 2122 2402 2168 20
2460 2174 2463 2175 ⁷
2527 2095 2528 2146 Ῑ

1017 2301 1021 2308 ’
1102 2266 1106 2268 λ
1164 2307 1307 2355 ΟΑΡ.
1359 2307 1492 2355 VIII.

471 2448 557 2497 Ex
592 2449 700 2498 istis
738 2448 995 2512 colligitur
1041 2448 1269 2498 condicio
1321 2449 1535 2498 istarum
1582 2465 1833 2499 novarum
1885 2456 2160 2510 sectarum,
2216 2467 2332 2500 cum

329 2544 590 2601 tamquam
626 2534 764 2583 fures
811 2534 1108 2583 abscondite
1143 2534 1197 2582 in
1235 2525 1503 2584 ecclesiam
1549 2534 1838 2584 introducto
1871 2535 2178 2601 impugnant
2212 2535 2333 2586 fide-

328 2621 402 2671 les
438 2621 680 2686 precipue
718 2620 782 2669 de
818 2620 1003 2680 heresi,
1046 2619 1184 2669 ¹sicut
1218 2620 1500 2670 latrunculi
1542 2620 1597 2669 in
1633 2620 1868 2671 noctibus
1907 2621 2178 2686 imponunt
2211 2621 2332 2671 fide·

328 2706 477 2767 libus,
518 2705 654 2772 quod
679 2704 744 2754 ab
783 2705 855 2755 eis
891 2705 1020 2755 tales
1055 2705 1244 2770 cogniti
1281 2713 1400 2755 sunt
1435 2706 1674 2756 latrones.
1748 2706 1976 2766 Maniaci
2013 2706 2219 2773 quidem
2256 2723 2331 2756 re·
2454 2767 2455 2770 Ἴ

330 2799 515 2857 putant
551 2791 677 2841 alios
716 2808 826 2840 esse
862 2790 1008 2840 tales.
2347 2799 2402 2838 ‘25
2451 2807 2455 2859 j
2504 2826 2506 2831 .

469 2877 683 2927 Ducunt
720 2883 892 2926 autem
945 2893 1010 2925 ex
1049 2894 1142 2926 sua
1180 2877 1354 2926 mania
1405 2878 1778 2942 nigromantica
1822 2877 2031 2943 plebeos
2079 2878 2134 2926 in
2168 2877 2302 2927 hanc
2318 2872 2332 2944 Η

327 2964 566 3023 heresim,
622 2963 758 3028 quod
808 2962 896 3011 lex
929 2960 1083 3011 Cristi
1129 2969 1205 3011 est
1241 2962 1374 3012 falsa
1420 2970 1471 3012 et
1508 2963 1575 3012 ad
1618 2963 1846 3027 regimen
1891 2963 2104 3012 ecclesie
2139 2962 2331 3013 insuffi-

331 3049 482 3108 ciens,
506 3048 619 3108 ,nisi
657 3048 791 3113 quod
816 3065 909 3113 per
933 3048 1067 3112 ipsos
1107 3054 1157 3097 et
1182 3065 1329 3097 suum
1354 3049 1584 3114 regimen
1611 3055 1687 3098 est
1712 3049 1903 3098 adiuta.
1971 3047 2044 3097 Et
2079 3048 2179 3098 ista
2215 3065 2332 3098 cum
2399 3040 2402 3043 Α

329 3135 431 3184 suis
469 3133 794 3199 sequentibus
834 3140 910 3183 est
945 3133 1136 3183 heresis
1172 3134 1461 3183 manifesta.
1503 3163 1570 3168 —
2458 3199 2459 3202 Ἴ

472 3217 668 3269 Dicunt
705 3220 949 3279 secundo,
991 3219 1127 3285 quod
1162 3219 1339 3283 religio
1376 3237 1507 3284 pura
1547 3213 1841 3269 Cristi‘non
1878 3226 1956 3269 est
1991 3219 2066 3268 ita
2100 3219 2331 3284 perfecta
2344 3227 2400 3267 30
2499 3206 2503 3211 ’

330 3306 461 3355 sicut
485 3304 662 3369 religio
689 3322 796 3366 sua,
834 3305 889 3353 in
913 3312 1156 3369 tempore,
1184 3321 1282 3369 quo
1310 3305 1504 3354 solutus
1531 3311 1608 3354 est
1633 3305 1890 3365 sathanas,
1925 3305 2232 3354 mendicata.
2261 3331 2330 3336 —
2446 3291 2451 3308 ²

687 3478 704 3496 ⁰
735 3489 797 3526 ep.
829 3476 952 3515 above
981 3488 1071 3526 cap.
1111 3474 1183 3514 VI
1205 3478 1297 3514 note
1327 3488 1348 3512 c
1459 3477 1483 3502 Ρ
1513 3489 1548 3515 υ.
1573 3477 1625 3515 1‘2
