2528 4074
383 396 484 444 620
1087 391 1250 431 JOHA
1260 391 1407 431 NNIS
1445 392 1675 438 WJOLJE
2106 389 2214 446 [cap.
2251 393 2381 434 VIII
2445 370 2448 374 ’

381 553 554 586 omnes
605 535 719 584 illos
773 552 879 584 esse
930 537 1193 600 prescitos;
1245 536 1346 585 :sed
1399 542 1564 600 potest
1614 552 1735 596 esse,
1791 535 1925 601 quod
1972 535 2025 584 in
2068 536 2378 601 pauperibus

379 618 668 671 fidelibus&
707 618 996 686 dispersis4⁷
1036 638 1127 685 per
1163 622 1349 671 multas
1386 621 1592 686 patrias,
1633 621 1718 687 qui
1753 620 1868 686 plus
1894 627 2133 670 secuntur
2156 620 2376 672 Cristum

380 708 434 756 in
483 706 705 756 moribus
757 724 908 772 quam
961 708 1083 756 dicti
1126 714 1342 772 satrape,
1397 714 1494 757 stet
1536 706 1759 756 militans
1805 706 2019 756 ecclesia
2054 706 2173 756 Iesu
2211 705 2377 757 Oristi.

381 793 534 844 Unde
572 793 769 857 signum
807 792 1117 842 infidelitatis
1155 793 1362 842 heretici
1400 800 1489 853 est,
1545 792 1679 858 quod
1716 800 1936 858 pompet,
1984 809 2036 842 se
2073 809 2181 842 esse
2218 787 2380 843 cardi-

381 878 550 928 nalem
563 875 609 906 43
646 878 730 927 vel
782 878 1034 942 prelatum
1088 878 1298 927 ecclesie
1337 885 1511 927 sancte
1549 873 1696 927 dei.49
1768 878 1904 927 Nam
1942 879 1983 928 si
2018 895 2118 928 non
2157 885 2235 928 est
2269 895 2379 943 pre·
2424 873 2503 948 52

382 965 681 1023 destinatus,
723 981 824 1012 non
861 972 936 1013 est
973 963 1254 1012 membrum
1293 960 1560 1013 ecclesie⁵⁰
1598 970 1772 1013 sancte
1810 964 1911 1024 dei,
1952 965 2042 1014 sed
2076 965 2299 1030 ignorat,
2340 965 2382 1015 si
2481 960 2505 1009 Β

382 1058 458 1101 est
507 1050 895 1115 predestinatus.
970 1048 1094 1098 Ideo
1108 1046 1152 1075 5¹
1204 1050 1417 1113 ignorat,
1472 1050 1513 1098 si
1560 1056 1636 1099 est
1673 1049 1878 1115 aliquod
1914 1050 2198 1100 membrum
2233 1050 2383 1100 huius
2471 1026 2506 1181 ἱ

382 1136 607 1186 ecclesie.
2471 1167 2508 1221 Α

526 1221 640 1284 Que
693 1238 812 1285 ergo
854 1220 1125 1286 dyabolica
1161 1221 1427 1287 pompacio
1455 1228 1692 1271 moveret
1727 1238 1916 1287 papam
1954 1221 2022 1271 ad
2058 1222 2382 1272 asserendum
2480 1287 2482 1289 Ι

381 1291 439 1357 ut
487 1307 663 1368 fidem,
719 1308 853 1373 quod
906 1308 970 1356 sit
1021 1315 1176 1372 caput
1226 1307 1572 1358 beatissimum
1610 1307 1821 1357 ecclesie
1858 1307 2171 1358 militantis?
2211 1307 2284 1358 Et
2319 1325 2384 1358 ex
2401 1322 2454 1361 10
2514 1302 2525 1366 J

380 1395 476 1443 isto
515 1389 817 1457 colligunt⁵²
853 1393 1028 1443 fideles
1065 1393 1298 1453 ulterius,
1348 1393 1484 1459 quod
1520 1411 1622 1442 non
1657 1394 1711 1443 in
1750 1392 2200 1444 adinvencionibus
2235 1394 2386 1444 huius

384 1480 520 1530 curie
558 1496 652 1528 nec
689 1480 741 1528 in
780 1479 1107 1528 sacramentis
1118 1475 1165 1506 ⁵3
1202 1496 1293 1543 per
1328 1479 1420 1529 hos
1457 1475 1715 1545 satrapass
1748 1480 2049 1539 adinventis,
2089 1479 2179 1529 sed
2209 1479 2263 1529 in
2285 1479 2386 1530 fide

382 1566 602 1615 formata
655 1565 843 1614 domini
886 1565 1003 1614 Iesu
1049 1564 1201 1614 Cristi
1252 1566 1379 1615 vivit
1431 1566 1646 1615 ecclesia
1697 1582 1857 1631 usque
1909 1565 1976 1614 ad
2028 1565 2161 1615 diem
2212 1565 2388 1615 iudicii

382 1652 724 1716 peregrinans.
789 1651 913 1699 Ideo
953 1647 1265 1716 apostolus54
1303 1652 1448 1716 signa
1484 1652 1583 1701 ista
1621 1648 1963 1702 adulterina⁵⁵
2001 1651 2283 1716 despiciens
2320 1651 2388 1701 ad

384 1737 502 1788 Gal.
545 1740 607 1785 29
644 1737 714 1786 sic
752 1736 994 1802 loquitur:
1039 1737 1173 1803 quod
1211 1744 1382 1787 autem
1419 1755 1554 1787 nunc
1592 1738 1708 1800 vivo
1745 1739 1797 1787 in
1837 1755 2003 1798 carne,
2042 1738 2096 1786 in
2132 1737 2232 1787 fide
2269 1737 2388 1788 vivo
2405 1751 2457 1790 15

382 1823 471 1872 filii
510 1823 606 1871 dei.
681 1821 833 1872 Unde
881 1823 1058 1872 divisio
1103 1841 1354 1888 paparum
1400 1819 1691 1874 enucleat⁵⁶
1727 1824 1781 1873 in
1815 1825 1914 1874 ista
1950 1819 2150 1890 parte⁵⁷
2189 1830 2385 1874 senten-

384 1910 530 1970 ciam,
572 1926 686 1958 cum
724 1916 934 1974 uterque
972 1909 1123 1969 dicat,
1153 1909 1300 1974 'quod
1336 1909 1558 1975 reliquus
1597 1927 1712 1959 cum
1752 1895 1983 1960 omnibus
2017 1907 2112 1960 sibi
2138 1909 2386 1960 adheren-
2464 1950 2471 1959 .

383 1994 518 2044 tibus
555 2011 656 2044 non
693 2011 812 2045 vere
848 1995 1100 2044 ministrat
1137 1995 1309 2061 aliqua
1347 2003 1681 2056 sacramenta,
1723 2003 1773 2046 et
1808 2003 1980 2045 tamen
1991 1992 2038 2023 5⁸
2073 2002 2267 2045 certum
2292 2002 2384 2057 est,
2438 2007 2440 2010 ’

385 2081 520 2147 quod
555 2082 608 2130 in
646 2081 886 2130 contratis
898 2076 943 2106 59
989 2079 1253 2129 ambarum
1291 2082 1521 2146 parcium
1558 2089 1769 2146 possunt
1805 2099 1911 2132 esse
1948 2068 2280 2147 predestinati
2315 2080 2387 2132 vi·

382 2174 559 2217 ventes
606 2174 779 2216 sancte
823 2167 876 2215 in
912 2166 1011 2216 fide
1050 2167 1239 2216 domini
1275 2167 1392 2217 Iesu
1431 2166 1598 2217 Cristi.
1674 2167 1828 2218 Absit
1863 2176 2035 2218 autem
2071 2168 2247 2218 fideles
2283 2184 2387 2218 cre-
2402 2181 2459 2222 20

383 2253 516 2313 dere,
558 2253 692 2318 quod
728 2253 782 2301 in
820 2252 1089 2302 sanctitate
1122 2253 1224 2302 vite
1264 2254 1411 2303 unius
1447 2254 1656 2303 istorum
1681 2254 1765 2304 vel
1804 2255 2009 2304 alterius
2034 2254 2257 2320 pendeat
2280 2260 2388 2303 tota

733 2363 758 2395 f
785 2381 813 2405 a
841 2380 958 2406 name
987 2380 1082 2419 very
1110 2366 1343 2419 frequently
1367 2367 1577 2420 employed
1608 2368 1656 2420 by
1686 2368 1747 2408 W.
1778 2372 1819 2407 to
1839 2369 2048 2420 desiynate
2077 2369 2144 2408 the
2165 2381 2276 2420 pope
2305 2367 2390 2407 and

671 2438 735 2476 bis
763 2437 989 2490 followers,
1028 2440 1094 2477 the
1116 2438 1321 2489 prelates,
1367 2453 1428 2490 ιφ.
1465 2440 1538 2492 Of
1559 2441 1639 2479 the
1668 2440 1866 2479 Leaven
1901 2440 1962 2492 of
1989 2434 2282 2486 Pharisees,
2322 2439 2389 2478 ed.

673 2509 884 2554 Mamaea,
905 2510 959 2549 E.
986 2510 1047 2549 W.
1063 2511 1102 2550 h.
1119 2524 1172 2556 a„
1186 2525 1232 2563 p.
1255 2515 1279 2551 7
1282 2529 1295 2558 ;
1327 2511 1417 2551 also
1447 2512 1534 2551 cod.
1555 2511 1846 2551 Ashbwrnham
1864 2511 1941 2563 fol.
1968 2508 2066 2552 103²>
2095 2511 2179 2550 amd
2207 2511 2252 2550 in
2269 2523 2391 2564 many

667 2580 814 2632 places
843 2581 965 2620 above
1080 2585 1098 2610 ⁹
1127 2597 1162 2622 υ.
1186 2585 1240 2623 20

500 2678 536 2702 4⁶
566 2681 769 2721 fidelibus
783 2682 995 2721 AODEG
1053 2695 1127 2721 om.
1145 2683 1188 2720 B
1303 2678 1339 2703 ⁴¹⁷
1370 2682 1572 2736 dispersis
1588 2683 1799 2723 AODEG
1863 2682 2067 2736 inspersis
2083 2683 2126 2721 B
2218 2678 2256 2703 ⁴⁸
2283 2682 2327 2722 im
2346 2682 2392 2722 D

386 2753 424 2791 is
453 2754 550 2793 add.
582 2753 679 2792 with
707 2753 829 2792 maa-k*
859 2754 912 2804 of
933 2753 1012 2805 ref.
1051 2753 1174 2792 above
1204 2756 1270 2794 the
1296 2754 1397 2795 eol„-
1443 2754 1625 2809 Signum
1644 2754 1929 2795 -infidelitatis
1966 2753 2147 2794 heretici
2176 2757 2243 2794 est
2276 2752 2393 2807 quod

386 2829 564 2878 pompet
593 2837 639 2864 se
671 2837 765 2864 esse
796 2822 1060 2865 cardinalem
1077 2822 1139 2864 D¹
1304 2823 1340 2847 ⁴⁹
1370 2825 1476 2879 prel.
1510 2839 1547 2867 e.
1579 2840 1610 2867 s.
1644 2826 1683 2867 d.
1702 2827 1913 2865 AODEG
1998 2825 2214 2878 prelatum
2243 2830 2393 2866 sancte

390 2896 572 2936 ecclesie
594 2896 742 2936 matris
775 2893 874 2949 [ma.
908 2910 965 2935 cr.
988 2901 1060 2936 oat
1079 2894 1118 2944 ᾧ
1137 2899 1220 2943 ud„
1251 2898 1374 2937 above
1393 2899 1427 2937 a
1447 2897 1519 2937 dei
1539 2899 1587 2951 by
1604 2895 1663 2936 B¹
1685 2895 1777 2951 (?)]
1796 2900 1838 2937 B
1915 2894 1952 2918 ⁵⁰
1982 2897 2165 2938 ecclesie
2184 2897 2394 2937 BCDE'G

444 2966 488 3006 id
509 2972 574 3007 est
594 2968 622 3018 ί
624 2982 680 3008 er.
707 2969 806 3019 cat)
838 2968 941 3008 eccl.
960 2970 1001 3006 Α
1118 2965 1154 2990 ⁵¹
1183 2969 1282 3009 ideo
1305 2970 1516 3009 ABOEG
1572 2983 1716 3022 ymmo
1732 2971 1777 3008 D
1892 2966 1929 2990 ⁵²
1959 2968 2170 3023 colligunt
2186 2969 2394 3008 ABGEG

448 3038 763 3092 colligerentD
878 3036 915 3061 53
944 3052 1027 3079 nec
1056 3039 1102 3079 in
1131 3052 1237 3081 sacr.
1255 3042 1465 3080 ABOEG
1522 3041 1594 3081 vel
1623 3041 1669 3081 in
1699 3040 1981 3081 sacramentis
2009 3041 2097 3091 (er.
2118 3041 2217 3091 out)
2237 3040 2295 3087 D,
2325 3040 2397 3080 but
2480 3030 2491 3086 ς’

388 3110 432 3149 in
461 3124 564 3150 mam.
586 3124 667 3151 nec
783 3108 820 3133 ⁵4
850 3111 1070 3165 apostolus
1091 3113 1302 3152 AODEG
1360 3126 1436 3152 om.
1453 3114 1508 3159 B,
1540 3114 1611 3152 bat
1637 3114 1682 3151 in
1709 3127 1813 3152 mar.
1836 3113 1884 3165 by
1906 3109 1965 3151 B¹
2080 3108 2119 3134 55
2148 3110 2396 3152 adulterina
2457 3132 2466 3134 ff

391 3180 640 3229 BODGAE³
669 3185 713 3222 in
731 3197 836 3224 mam.
897 3183 953 3223 ad
981 3183 1136 3223 ultima
1151 3185 1193 3222 Α
1253 3184 1308 3223 ad
1337 3184 1534 3224 ultimam
1563 3185 1693 3235 (ud.)
1710 3186 1755 3224 E
1857 3181 1894 3206 ⁶⁶
1925 3183 2128 3225 enucleat
2147 3183 2228 3222 Bo
2289 3195 2394 3223 enu-
2484 3224 2486 3226 .

390 3254 494 3294 cliat
517 3256 693 3295 ADEG
828 3251 864 3277 ⁵⁷
894 3255 977 3295 ista
1006 3259 1129 3309 parte
1148 3256 1269 3295 CDG
1326 3259 1450 3309 parte
1480 3256 1607 3296 istam
1629 3257 1763 3296 ΑΒΕ
1834 3257 1879 3295 in
1907 3256 1952 3296 D
1981 3257 2019 3296 is
2048 3256 2146 3295 add.
2177 3254 2300 3294 below
2330 3257 2397 3294 tlte
2482 3267 2487 3271 ·

391 3326 489 3365 eol„-
519 3326 688 3367 Divisio
709 3339 921 3380 paparum
938 3325 1001 3367 D¹
1102 3325 1138 3349 ⁵⁸
1167 3332 1316 3368 tamen
1332 3329 1500 3368 ABOE
1554 3341 1653 3367 cum
1673 3329 1713 3367 G
1771 3342 1846 3368 om.
1868 3328 1913 3367 D
2028 3323 2065 3349 ⁵⁹
2095 3326 2211 3380 quod
2231 3326 2277 3366 in
2297 3339 2396 3366 con·

390 3397 512 3437 tratis
530 3394 593 3436 A4
660 3399 776 3452 quod
804 3399 951 3453 regnis
967 3400 1170 3447 BDG,A,
1208 3400 1331 3439 above
1366 3401 1400 3439 it
1430 3401 1475 3439 in
1505 3401 1553 3453 by
1577 3398 1638 3439 ΑΙ
1727 3399 1843 3454 quod
1876 3400 1922 3439 in
1957 3398 2163 3439 contratis
2191 3398 2338 3452 regnis
2354 3399 2400 3438 E

454 3469 568 3521 quod
590 3470 634 3509 in
654 3471 800 3524 regnis
819 3472 861 3517 O,
892 3473 1004 3510 there
1032 3485 1117 3510 was
1147 3471 1226 3523 left
1253 3475 1301 3510 at
1327 3473 1426 3527 first
1444 3486 1471 3510 a
1493 3472 1617 3510 blcmlc
1638 3485 1773 3523 space,
1803 3473 1888 3510 into
1915 3472 2044 3510 which
2073 3470 2118 3509 in
2137 3469 2285 3524 regnis
2312 3483 2408 3509 was·
2484 3459 2490 3490 1

402 3541 580 3580 inserted
609 3543 860 3595 afterwards
891 3543 938 3596 by
971 3539 1047 3592 03,-
1079 3543 1146 3582 the
1173 3543 1304 3585 scribe
1334 3543 1456 3586 could
1484 3547 1565 3590 not,
1595 3544 1628 3585 I
1651 3557 1841 3598 suppore,
1870 3543 1974 3583 read
2002 3542 2047 3582 in
2077 3541 2282 3582 contratis
