2528 4074
35 314 45 319 -
127 276 219 316 emp.
252 258 335 316 II]
703 262 797 302 DE
823 263 1195 304 RELIGIONE
1221 261 1495 303 PRIVATA
1527 261 1597 302 II.
2061 264 2163 314 527

11 399 44 460 ,ἦ
272 407 328 458 Si
381 424 501 473 ergo
555 407 672 458 talis
709 407 1028 459 fratrifactor
1065 409 1220 459 debet
1257 425 1365 458 esse
1403 407 1584 457 tardus
1623 405 1690 456 ad
1728 406 2060 472 loquendum,
2117 415 2171 457 et

122 497 177 546 in
212 496 326 556 isto,
368 494 506 562 quod
544 501 621 545 est
658 495 909 562 scripture
947 513 1090 547 sacre
1130 495 1406 555 sentencia,
1461 493 1625 544 multo
1675 494 1840 559 magis
1876 493 1931 543 in
1968 495 2169 560 pericu-

11 591 18 610 *⁴
123 578 290 634 los02⁸
329 581 484 633 debet
522 582 785 633 consultor
821 600 1014 649 ponere
1054 583 1341 634 custodiam
1369 582 1443 632 ori
1470 598 1576 642 Silo,
1619 598 1789 648 quam,
1830 598 1970 647 rogo,
2014 598 2168 632 excu-

124 670 382 722 sacionem
433 667 651 738 haberet
700 669 756 719 in
809 669 892 720 die
927 670 1104 722 iudicii
1142 670 1206 721 de
1246 669 1558 736 dampnato?
1635 667 1835 719 Cristus
1872 669 2024 730 enim,
2081 669 2169 720 eli-

11 790 13 794 ·
53 763 107 802 ²5
122 774 249 824 gens
302 755 555 817 Sem-ioth,
612 756 756 807 dedit
808 756 905 807 sibi
957 758 1187 824 graciam
1241 757 1525 808 secundum
1563 763 1855 823 presentem
1891 756 2164 819 iusticiam,

124 851 175 896 et
195 844 301 905 ille,
320 843 590 894 occasione
615 843 751 894 male
763 839 810 871 2¹⁹
837 852 1069 912 accepta,
1088 862 1155 895 ex
1179 845 1389 896 malicia
1413 845 1624 911 propria
1650 851 1728 895 est
1752 844 1962 910 gravius
1989 844 2170 912 damp-

121 938 290 982 natus,
368 929 472 981 Sed
510 930 642 981 tales
681 931 942 983 consilarii
979 933 1052 984 sic
1090 950 1196 984 non
1232 940 1462 1000 possunt.

0 1077 2 1081 .
265 1017 393 1069 Ideo
448 1026 636 1069 cavent
686 1019 968 1086 prudentes
1020 1020 1075 1070 in
1127 1021 1240 1082 hiis,
1297 1038 1395 1088 que
1451 1026 1770 1071 concernunt
1808 1019 2029 1070 salutem
2082 1020 2168 1072 vel

13 1147 17 1157 Α.
52 1171 55 1174 .
122 1105 551 1173 dampnacionem
589 1106 774 1168 anime,
816 1107 941 1158 dare
979 1108 1264 1159 consilium.

1019 1298 1166 1349 GAP.
1207 1298 1274 1348 ΙΙ.

57 1455 106 1494 ¹-0
265 1441 353 1492 Ex
389 1442 499 1493 istis
535 1443 756 1504 videtur,
805 1443 943 1510 quod
980 1444 1131 1494 multi
1170 1450 1417 1510 augentes
1461 1443 1736 1509 religiones
1780 1443 2011 1509 privatas
2050 1450 2172 1494 sunt

118 1531 174 1581 in
223 1530 322 1581 hoc
365 1536 726 1596 procuratores
764 1530 979 1597 dyaboli
1016 1539 1066 1582 et
1105 1531 1184 1583 sui
1219 1531 1441 1597 proximi
1479 1531 1789 1582 seductores.
1867 1529 2170 1581 Communis

121 1626 293 1670 autem
332 1618 576 1671 cristiana
612 1618 793 1684 religio
833 1626 912 1670 est
950 1620 1167 1681 cercior,
1214 1619 1396 1670 melior
1435 1626 1486 1670 et
1523 1618 1685 1670 levior
1724 1636 1880 1685 quam
1917 1618 2169 1685 privata.‘²

122 1706 242 1770 Qua
295 1722 416 1771 ergo
469 1704 638 1756 fronte
693 1706 1014 1758 consiliarius
1067 1707 1319 1758 anticristi
1372 1706 1663 1757 consuleret
1701 1707 1767 1757 ad
1813 1707 2166 1773 periculosius,

120 1794 329 1861 gravius
367 1800 420 1844 et
454 1793 832 1860 imperfecciUS,
875 1792 1031 1845 Cristi
1069 1794 1280 1846 consilio
1318 1795 1676 1861 pretermisso?

266 1880 424 1933 Unde
477 1881 688 1948 quidam
742 1881 1040 1933 describunt
1093 1883 1394 1948 religionem
1448 1881 1745 1933 cristianam
1799 1879 2167 1944 communem‚²

122 1969 259 2038 quod
297 1977 376 2020 est
411 1968 520 2030 illa,
577 1986 732 2036 quam
770 1970 1003 2036 precepit
1042 1969 1254 2032 Cristus,
1313 1971 1457 2022 cuius
1502 1971 1743 2036 proxima
1779 1970 1962 2036 regula
2001 1978 2080 2023 est
2113 1971 2170 2021 in

0 2117 2 2126 ι
121 2075 212 2108 suo
265 2056 548 2123 ewangelio
595 2064 911 2123 expressata,
966 2066 1025 2109 ut
1061 2059 1115 2109 in
1153 2058 1244 2109 illo
1282 2058 1413 2109 Luc.
1459 2053 1614 2108 122²'z
1671 2058 1772 2109 sint
1807 2057 1973 2108 lumbi
2010 2058 2169 2109 vestri

79 2210 82 2214 ,
118 2144 383 2214 precincti,
438 2143 699 2210 obligatur
751 2144 969 2212 quilibet
1021 2146 1290 2196 cristianus
1337 2146 1406 2196 ad
1458 2146 1849 2197 observanciam
1904 2146 2172 2197 castitatis.

0 2258 5 2282 ι
77 2267 83 2271 -
119 2231 319 2284 Cristus
357 2231 494 2282 enim
530 2250 674 2283 more
712 2249 803 2283 suo
844 2233 935 2283 dat
972 2234 1219 2301 apostolis
1250 2235 1353 2285 suis
1380 2234 1639 2300 singulare
1667 2234 1994 2301 principium,
2037 2234 2175 2301 quod

2 2313 12 2346 ³³
74 2352 89 2377 2
118 2320 208 2373 wlt
245 2337 353 2372 esse
389 2319 744 2370 immediatam
784 2320 1017 2386 regulam
1059 2321 1162 2372 suis
1198 2322 1438 2372 fidelibus
1477 2329 1863 2390 consequenter.

84 2478 85 2482 Ἰ
265 2406 371 2458 Sed
424 2407 672 2475 quidam
727 2408 1010 2459 dominus
1058 2407 1333 2460 describit3
1373 2427 1695 2461 communem
1735 2410 2038 2476 religionem
2077 2410 2174 2461 cri-

5 2548 13 2557 ,
78 2525 79 2531 =
120 2496 357 2557 stianam,
385 2494 524 2563 quod
550 2503 628 2545 est
651 2494 832 2561 religio
857 2513 986 2562 pure
1012 2491 1536 2564 obliganslmaturam
1562 2497 1877 2548 racionalem
1905 2498 1973 2548 ad
1999 2497 2171 2549 obser·
2195 2509 2208 2547 Γ
2235 2522 2263 2547 α
2283 2511 2353 2552 soz.
2380 2513 2468 2544 2031>

89 2632 93 2634 .
119 2584 360 2636 vanciam
377 2581 532 2634 Cristi
546 2583 927 2644 mandatorum,
946 2583 1273 2635 excludendo
1301 2584 1367 2635 ab
1393 2585 1687 2636 huiusmodi
1704 2584 2028 2651 obligacione
2045 2585 2175 2637 obli-

5 2718 14 2732 ,
121 2655 389 2738 gacioneni
427 2670 497 2721 ad
535 2669 925 2721 observanciam
965 2671 1122 2721 trium
1147 2672 1510 2739 principalium
1540 2673 1869 2724 consiliorum
1897 2672 2067 2735 Cristi,
2110 2674 2174 2724 de

79 2765 443 2826 paupertate,
500 2758 737 2809 castitate
790 2755 874 2808 et*
922 2757 1238 2810 obediencia.
1315 2759 1388 2810 Et
1441 2761 1578 2828 quod
1630 2761 1812 2827 religio
1864 2762 2072 2828 privata
2111 2763 2176 2812 sit

87 2909 91 2914 .
121 2846 302 2913 religio
328 2846 678 2898 essencialiter
702 2845 941 2912 obligans
965 2853 1205 2897 naturam
1230 2848 1543 2899 racionalem
1563 2849 1631 2899 ad
1648 2849 2039 2901 observanciam
2066 2857 2174 2900 tam

123 2935 485 2986 mandatorum
540 2934 625 2984 dei
686 2950 842 3001 quam
896 2934 1005 2984 eius
1058 2935 1423 3002 principalium
1479 2937 1809 2987 consiliorum
1848 2944 1900 2988 et
1938 2938 2174 2988 acciden-

491 3065 620 3105 OAP.
652 3064 723 3105 ΙΙ.
784 3067 805 3086 ‘²
835 3079 899 3118 cp.
936 3065 1100 3106 Trial.
1125 3068 1239 3115 369,-
1271 3068 1486 3120 Puryat.
1520 3067 1645 3107 above
1668 3081 1716 3120 p.
1749 3071 1835 3110 304
1955 3064 1972 3090 ὃ
2002 3083 2038 3109 υ.
2061 3072 2115 3111 35

243 3179 282 3205 ²⁸
310 3182 557 3238 periculoso
576 3182 640 3224 Οα
701 3180 1012 3236 PericulosaD
1130 3179 1167 3204 2⁹
1197 3183 1314 3225 male
1333 3184 1424 3232 α,1)
1455 3198 1564 3224 corr.
1595 3185 1709 3237 from
1739 3184 1858 3225 mala
1916 3184 2035 3225 mala
2054 3186 2088 3225 Ο

245 3257 374 3297 ΟΑΡ.
407 3256 479 3296 ΙΙ.
527 3252 543 3277 ¹
574 3255 631 3295 In
650 3254 696 3295 D
725 3255 764 3296 is
794 3255 894 3295 add.
923 3254 968 3294 in
986 3268 1115 3295 ‘maa-..-
1146 3253 1402 3311 Descripcio
1433 3257 1659 3312 religionis
1690 3257 1897 3299 cristiane
1928 3258 2173 3299 secundum

102 3363 106 3367 .
128 3326 412 3384 quosdamD¹
501 3325 518 3350 ²
550 3328 600 3369 20
627 3344 655 3371 α
679 3328 777 3380 (the
806 3328 976 3368 nwmber
1005 3328 1043 3368 is
1073 3342 1197 3376 corr„
1227 3343 1255 3369 a
1287 3329 1309 3369 1
1332 3331 1370 3371 is
1390 3331 1567 3382 erased)
1619 3331 1699 3371 220
1725 3331 1759 3370 Ο
1806 3331 1861 3372 32
1885 3331 1974 3383 (cr.
1997 3333 2097 3386 out)
2113 3333 2172 3380 D,

129 3401 253 3444 above
280 3404 315 3443 it
344 3402 456 3443 XIIo
479 3398 558 3449 D2,
586 3401 657 3442 but
685 3401 785 3443 with
814 3401 940 3441 moerlc
969 3401 1024 3454 οἵ·
1045 3401 1126 3454 ref.
1158 3405 1200 3442 to
1224 3402 1278 3443 32
1299 3404 1337 3443 is
1367 3404 1466 3444 add.
1499 3404 1543 3443 in
1573 3417 1680 3444 mam.
1703 3403 1776 3458 20)
1895 3399 1916 3426 3
1945 3403 2084 3446 descr.
2105 3406 2169 3448 Οα

186 3487 246 3516 sc.
262 3475 351 3527 (cr.
367 3479 440 3516 out
454 3472 494 3528 ᾇ·
508 3475 610 3526 ud.)
626 3474 764 3516 deser.
775 3475 820 3514 D
911 3470 928 3495 4
951 3479 996 3515 et
1006 3474 1068 3516 Ca
1122 3474 1179 3515 ad
1195 3475 1250 3516 ob
1266 3475 1323 3516 ad
1341 3475 1675 3518 observanciam
1697 3477 1787 3528 (er.
1804 3481 1876 3518 out
1892 3474 1931 3530 ᾇ·
1946 3478 2047 3529 ud.)
2065 3481 2111 3519 et
2124 3479 2170 3518 D
