2528 4074
866 348 1008 390 GEN
1018 349 1191 390 ERAL
1222 349 1443 390 INDEX.

131 495 300 537 Privati
318 495 494 550 patroni
514 499 559 537 et
581 494 739 536 fratres
759 492 947 535 mortui
935 506 983 534 m
997 493 1115 565 bello
1159 506 1161 527 ¹

189 554 342 609 papali
373 555 442 597 35.

81 640 83 643 f
134 618 335 654 *torum
365 611 568 654 ordinum
596 610 735 652 abbas
768 609 865 651 127.

132 693 186 700 --
245 675 531 753 patronorum
590 667 746 723 religio
806 667 933 722 peior
980 679 1115 722 quam

189 728 319 771 Cristi
349 730 419 770 34.

130 793 256 830 ——tos
292 786 467 829 ordines
502 783 732 826 brachium
766 783 968 826 seculare
998 797 1115 827 com—

185 845 353 901 pellere
383 844 517 885 debet
548 843 646 884 102.

131 910 258 946 —tus
291 906 505 958 patronus
539 901 680 956 magis
710 900 953 944 honoratur
981 914 1116 957 quam

188 961 354 1004 Cristus
384 973 412 1002 a
441 959 572 1002 sectis
605 961 702 1002 140.

128 1020 418 1075 Privilegium
445 1019 633 1060 fratrum
663 1019 762 1060 513.

0 1052 39 1115 '121
129 1101 183 1108 -
214 1078 431 1120 anticristi
465 1078 564 1120 607.

130 1161 184 1167 —
215 1137 391 1179 ordines
427 1135 691 1178 instituendi
721 1135 889 1178 Cristus
918 1135 1115 1192 patronis

184 1209 275 1238 non
305 1195 430 1237 dedit
458 1196 557 1238 266.

129 1254 258 1310 —gio
296 1254 501 1296 ordinum
537 1257 679 1296 status
719 1253 988 1308 apostolicus
1025 1266 1115 1295 non

184 1313 422 1369 insignitus
453 1317 521 1355 est
549 1313 797 1354 462—463.

127 1372 261 1428 -gia
281 1377 327 1413 et
347 1385 484 1427 opera
502 1383 619 1426 pape
634 1370 796 1412 nociva
811 1374 857 1412 et
869 1369 998 1412 utilia
1014 1370 1114 1413 692.

100 1475 104 1478 ,
131 1454 178 1460 -
212 1430 417 1472 inaudita
445 1430 492 1471 in
521 1429 646 1472 curia
672 1441 858 1471 romana
888 1430 987 1471 564.

130 1512 182 1519 —-
216 1494 262 1531 et
290 1489 392 1531 ficte
423 1501 610 1530 censure
637 1500 857 1543 paparum
888 1489 987 1530 691.

128 1571 182 1577 —
203 1547 378 1590 infinita
393 1548 700 1603 episcoporum
715 1559 996 1589 cesareorum
1013 1547 1113 1589 260.

63 1614 77 1620 ‘
125 1607 421 1649 Probabiliter
449 1605 632 1648 credere
661 1605 774 1647 citra
802 1605 938 1648 fidem
972 1607 1068 1648 179.

125 1666 342 1707 Probacio
372 1669 594 1707 sectarum
626 1664 724 1707 174.

127 1746 181 1753 -
213 1724 572 1779 assumpcionum
601 1735 718 1779 pape
751 1727 797 1765 et
826 1722 1012 1764 fratrum
1044 1724 1112 1765 75.

124 1783 320 1825 Probare
377 1782 583 1824 nesciunt
639 1794 759 1837 papa
815 1781 891 1824 vel
957 1782 1115 1824 fratres

184 1841 514 1896 assumpciones
541 1853 645 1882 suas
677 1842 747 1883 75.

125 1900 380 1942 Procedunt
409 1900 466 1942 ab
497 1899 657 1942 eadem
685 1912 878 1955 persona
908 1899 995 1942 due
1016 1912 1113 1955 per-

183 1972 291 2001 sone
322 1958 474 2001 divine
506 1959 605 2001 163.
662 1968 667 1974 ·

125 2017 182 2060 de
219 2018 541 2060 Procreacione
581 2017 750 2059 carnali
785 2018 833 2058 in
863 2016 1113 2072 ewangelio

126 2135 391 2177 Procuracio
420 2135 595 2177 sincera
622 2135 730 2177 boni
761 2135 858 2178 120.

122 2218 177 2223 -—
207 2194 423 2249 ypocrisis
457 2195 554 2236 195.

120 2254 389 2295 Procurator
418 2257 540 2294 secte
572 2251 674 2308 Gog
703 2253 803 2295 397.

121 2316 297 2354 -tores
335 2311 515 2365 dyaboli
551 2316 656 2353 sunt
691 2311 769 2366 qui
806 2315 977 2366 augent
1014 2310 1114 2352 reli-

179 2371 334 2427 giones
363 2370 564 2426 privatas
595 2370 695 2412 527.

123 2453 176 2459 -
210 2429 353 2484 patuli
382 2433 504 2471 secte
533 2428 750 2470 anticristi
779 2433 883 2470 sunt
914 2429 1013 2470 712.

119 2488 336 2530 Prodesse
367 2488 534 2529 debent
562 2487 768 2530 monachi
799 2491 952 2529 sancte
982 2487 1114 2528 matri

179 2546 368 2589 ecclesie
402 2547 500 2588 132.

122 2610 284 2647 ——sunt
312 2604 450 2646 nichil
478 2604 638 2646 fratres
667 2604 715 2645 in
745 2603 929 2647 edificiis
960 2605 1030 2647 29.

122 2687 177 2693 —-
207 2678 300 2706 non
330 2664 489 2705 fratres
520 2663 709 2705 ecclesie
740 2665 810 2706 93.

122 2723 337 2764 —fuisset
366 2721 546 2778 quando
578 2721 746 2764 Oristus
777 2722 876 2765 267.

120 2782 167 2823 in
206 2781 517 2823 Prodicionem
553 2780 673 2836 regis
711 2785 758 2823 et
799 2781 947 2837 regni,
995 2781 1112 2836 quod

178 2840 380 2882 incolunt
408 2839 581 2892 ftatres,
613 2844 743 2881 sonat
772 2839 981 2895 spoliacio
1014 2841 1112 2883 308.

30 2887 32 2891 ⁷
120 2899 325 2942 Proditor
345 2898 419 2940 dei
439 2898 508 2940 sui
528 2902 597 2940 est
618 2898 760 2940 omnis
779 2899 997 2954 prescitus
1015 2899 1112 2941 181.

123 2958 287 3000 —toris
316 2957 483 2999 noticia
513 2957 699 2999 confusa
730 2957 799 3000 77.

123 3022 298 3059 —tores
329 3015 496 3058 domini
518 3020 635 3069 sunt,
667 3015 745 3071 qui
763 3020 916 3058 tacent
935 3021 1115 3071 propte-r

179 3076 353 3117 lucrum
367 3074 507 3117 seculi
515 3074 590 3116 vel
605 3074 907 3117 salvacionem
922 3075 1114 3130 corporis

179 3133 439 3189 temporalis
471 3134 570 3176 132.

123 3215 178 3223 —
210 3192 435 3234 falsissimi
462 3196 556 3234 tam
586 3192 779 3248 corporis
806 3204 942 3248 quam
978 3192 1116 3233 animi

181 3251 341 3293 fratres
371 3255 476 3292 sunt
505 3251 608 3293 462.

123 3332 179 3340 —
212 3309 285 3351 dei
315 3313 362 3351 et
388 3309 619 3351 hominum
649 3314 775 3351 sect&
801 3310 871 3351 42.

122 3391 180 3399 —
210 3367 503 3409 infidelissimi
531 3367 780 3410 animarum
811 3368 910 3411 703.

124 3451 179 3457 --
210 3426 437 3468 manifesti
466 3425 541 3468 dei
570 3426 729 3468 fratres
760 3427 860 3468 218.

123 3486 353 3528 Profectus
384 3484 572 3527 ecclesie
602 3485 832 3527 militantis
869 3486 938 3528 79.

123 3544 344 3587 Professio
374 3543 614 3586 fantastica
650 3545 748 3586 139.

2086 357 2189 404 807

1206 507 1262 536 ex
1291 494 1572 536 Professione
1602 507 1719 536 vane
1749 494 1976 549 religionis
2005 497 2194 552 obligari

1204 611 1505 652 Professorem
1526 623 1636 651 num
1662 610 1817 665 religio
1837 611 1948 665 priv.
1969 626 2060 654 non
2081 613 2193 654 diffi-

1264 669 1406 710 cultat
1432 670 1533 710 500.

1204 726 1426 768 Proficere
1455 726 1571 768 vivis
1602 731 1648 768 et
1676 726 1859 768 mortuis
1890 727 1989 769 248.

1205 785 1388 826 —ciunt
1417 784 1502 826 sibi
1531 785 1641 826 folia
1672 785 1770 827 162.

1204 844 1385 885 —ciens
1413 843 1545 885 homo
1575 843 1721 899 legius
1751 856 1891 899 regno
1926 845 2024 887 104.

1204 901 1470 944 Profundari
1500 906 1546 944 et
1574 902 1790 944 maculari
1808 903 1995 958 contigit
2012 903 2196 958 privatis

1265 961 1491 1003 ordinibus
1525 961 1621 1004 102.

1205 1020 1374 1061 —dant
1402 1033 1451 1062 se
1479 1019 1527 1060 in
1555 1020 1724 1062 scelere
1754 1019 1912 1061 fratres
1948 1021 2017 1061 53.

1203 1078 1452 1121 Prohibicio
1484 1078 1652 1120 domini
1680 1078 1822 1134 spissa
1850 1079 1897 1119 in
1925 1078 2028 1134 lege
2062 1080 2159 1121 136.

1204 1161 1260 1168 —
1292 1137 1366 1179 dei
1395 1137 1531 1180 debet
1559 1141 1677 1179 stare
1707 1136 1809 1179 filiis
1847 1137 1937 1179 suis
1965 1142 2196 1193 tamquam

1261 1196 1337 1237 lex
1371 1196 1468 1238 137.

1203 1254 1436 1296 Prohibuit
1474 1253 1640 1296 Gristus
1679 1254 1777 1296 fieri
1815 1254 2071 1297 addiciones
2115 1268 2195 1297 sue

1261 1313 1305 1354 le
1338 1313 1354 1353 i
1386 1313 1484 1354 144.

1202 1327 1382 1413 Proligxe
1413 1371 1642 1413 oraciones
1673 1372 1772 1414 345.

1205 1430 1309 1471 —xi
1335 1443 1427 1471 non
1447 1443 1545 1471 esse
1566 1429 1781 1472 debemus
1801 1430 1849 1472 in
1869 1431 2077 1473 oracione
2096 1433 2196 1473 344.

1204 1489 1443 1531 Prolixitas
1474 1488 1630 1530 orandi
1661 1490 1762 1531 345.

1204 1561 1285 1603 per
1322 1547 1582 1602 Prophanas
1628 1548 1974 1590 consuetudines
2012 1549 2197 1604 obligati

1264 1620 1417 1648 sumus
1448 1607 1548 1649 263.

1204 1665 1498 1720 Prophetacio
1559 1666 1744 1722 egregia
1792 1665 2080 1722 Hildegardis
2140 1666 2196 1708 de

1264 1724 1396 1766 sectis
1428 1725 1497 1766 67.

1207 1807 1262 1812 —
1293 1782 1449 1825 Enoch
1480 1782 1536 1824 de
1566 1783 1698 1824 sectis
1729 1784 1799 1826 66.

1205 1841 1499 1896 Prophetavit
1537 1841 1705 1883 Cristus
1744 1855 1936 1884 errorem
1975 1848 2196 1884 sectarum

1204 1958 1429 2014 Prophete
1460 1958 1562 2000 falsi
1592 1958 1750 2000 fratres
1783 1960 1852 2002 76.

1205 2041 1261 2048 -
1292 2018 1406 2073 legis
1437 2017 1602 2060 veteris
1633 2019 1733 2060 299.

1205 2100 1260 2107 —
1292 2082 1469 2119 veteres
1508 2090 1600 2118 non
1638 2076 1913 2119 confederati
1949 2090 2051 2118 cum
2088 2075 2197 2118 ficti-

1264 2136 1343 2177 ciis
1374 2135 1580 2177 ordinum
1611 2136 1711 2178 299.

1203 2219 1258 2224 —
1292 2194 1394 2236 falsi
1423 2194 1608 2236 visitant
1636 2194 1793 2236 fideles
1823 2194 1924 2236 473.

1205 2278 1259 2284 -
1292 2253 1394 2295 falsi
1424 2252 1715 2309 magnificant
1743 2254 1878 2295 libros
1909 2267 2010 2294 suos
2039 2254 2138 2295 473.

1205 2337 1259 2342 -
1291 2312 1393 2353 falsi
1423 2312 1636 2354 simulant
1665 2312 1949 2354 sanctitatem
1979 2312 2079 2354 473.

1203 2395 1264 2402 —
1293 2371 1395 2412 falsi
1424 2375 1529 2412 sunt
1558 2371 1653 2426 lupi
1683 2384 1870 2426 rapaces
1900 2372 2000 2413 473.

1204 2455 1259 2460 -—
1295 2429 1398 2471 falsi
1429 2429 1620 2472 dilatant
1648 2429 1840 2472 filateria
1870 2431 1970 2471 473.

1206 2513 1258 2518 —-
1290 2493 1527 2530 tacuerant
1557 2488 1705 2530 dicere
1734 2489 1971 2531 veritatem
2000 2489 2100 2530 480.

1207 2571 1255 2578 —-
1291 2547 1547 2589 habuerunt
1580 2561 1746 2603 penam
1775 2547 2068 2603 multiplicem
2098 2548 2198 2589 480.

1205 2611 1409 2647 —tarum
1439 2606 1653 2648 falsorum
1682 2607 1938 2648 numeracio
1970 2607 2070 2648 473.

1204 2665 1586 2719 Propinquissima
1615 2670 1738 2708 secta
1758 2670 1879 2708 secte
1897 2665 2027 2707 Cristi
2057 2664 2201 2720 prima

1270 2728 1339 2765 est
1370 2724 1470 2766 273.

1203 2782 1588 2837 Proporcionalior
1617 2782 1702 2824 sibi
1733 2782 1900 2824 Cristus
1932 2782 2031 2824 209.

1203 2841 1250 2882 111
1281 2841 1469 2896 Propria
1497 2854 1691 2897 persona
1716 2841 1882 2883 habere
1912 2854 2068 2896 peram
2099 2842 2199 2883 369.

1205 2924 1259 2930 —
1290 2900 1470 2941 iusticia
1499 2900 1592 2943 vite
1631 2913 1812 2955 sperare
1851 2900 2065 2941 debemus
2097 2900 2197 2941 344.

1206 2959 1382 3014 —prias
1404 2958 1556 3001 domos
1578 2959 1865 3014 septuaginta
1886 2958 1974 3000 duo
1996 2958 2202 3013 discipuli

1262 3031 1355 3059 non
1385 3017 1642 3059 habuerunt
1672 3019 1771 3060 369.

1203 3076 1493 3131 Proprietarii
1524 3081 1628 3118 sunt
1658 3076 1816 3118 fratres
1848 3078 1917 3118 53.

1202 3135 1459 3190 Proprietas
1491 3135 1673 3189 dyaboli
1703 3136 1803 3177 362.

1205 3198 1380 3235 —tates
1418 3194 1675 3249 personales
1714 3194 1902 3249 quilibet
1930 3193 2067 3235 habet
2098 3194 2198 3235 348.

1204 3252 1422 3307 Prosequi
1452 3253 1686 3295 consilium
1714 3253 1893 3308 spiritus
1911 3253 2200 3294 tenebrarum

1204 3342 1423 3424 Prospera
1445 3374 1541 3412 erat
1556 3370 1746 3412 ecclesia
1762 3374 1867 3412 ante
1886 3370 2198 3413 induccionem

1264 3432 1485 3470 sectarum
1517 3429 1588 3471 29.

1206 3500 1339 3528 —ere
1357 3487 1599 3529 militantes
1615 3487 1771 3530 vivent
1785 3487 1831 3528 in
1847 3487 2042 3530 secundo
2059 3487 2198 3529 mille-

1263 3546 1389 3586 nario
1422 3547 1520 3588 397.
