2528 4074
855 390 1158 431 GENERAL
1190 389 1410 429 INDEX.

119 538 400 582 committere
419 536 684 591 apostasiam
706 534 910 577 exeundo
931 535 988 576 ab
1004 546 1096 575 una

174 600 295 638 secta
322 595 369 635 in
398 594 532 636 aliam
565 595 662 636 139.

47 655 49 657 ’
118 653 383 697 Commixcio
412 653 612 707 parcium
642 653 742 694 657.

118 711 468 756 Communicacio
504 710 634 751 sectis
655 723 711 751 ex
751 709 935 751 caritate
956 721 1094 764 nega-

44 775 50 784 *
171 775 243 812 tur
271 771 377 823 3093
409 770 506 810 353.

13 805 51 885 {-
116 852 171 860 --
199 827 407 883 neganda
436 826 648 868 fratribus
679 827 780 868 481.

117 911 171 918 —
201 900 300 928 cum
335 885 579 927 rixantibus
616 885 743 940 papis
774 888 842 926 est
884 884 1094 940 neganda

24 1015 28 1018 ’
54 1014 66 1022 ··
116 1002 370 1046 Communio
390 1006 642 1043 sanctorum
657 1001 880 1043 credenda
895 1006 963 1044 est
993 1002 1091 1044 327.

19 1077 24 1084 ·
115 1085 169 1092 —
199 1065 447 1102 sanctorum
479 1061 576 1102 351.

114 1142 168 1151 —-
197 1119 369 1174 peccati
400 1119 497 1161 351.

62 1221 67 1224 ,
115 1178 412 1220 Communitas
441 1177 549 1219 cleri
581 1190 608 1218 a
639 1177 980 1219 conversacione
1003 1176 1093 1218 Cri-

169 1237 226 1278 sti
251 1249 462 1291 perversa
493 1237 592 1278 626.

61 1310 67 1320 ’
115 1317 167 1326 —-
187 1295 482 1336 membrorum
507 1294 687 1348 dyaboli
706 1307 827 1335 mare
847 1293 990 1335 ferum
1023 1294 1091 1336 73.

113 1353 411 1396 Communiter
438 1353 632 1406 credere,
665 1353 771 1408 quid
803 1353 900 1395 176.

67 1414 69 1417 ’
113 1411 336 1454 Comorari
364 1425 466 1453 cum
498 1412 629 1454 sectis
659 1413 760 1454 440.

113 1470 373 1525 Comparere
388 1483 535 1512 coram
551 1483 670 1525 papa
683 1469 977 1525 personaliter
992 1470 1090 1511 546.

95 1528 384 1584 ·Compellere
399 1529 566 1571 intrare
580 1529 628 1570 in
648 1532 816 1571 sectam
833 1528 962 1570 Cristi
995 1529 1092 1570 137.

68 1606 81 1623 .’
111 1587 288 1629 —lendi
316 1587 474 1629 fratres
507 1589 603 1630 102.

111 1645 428 1701 compendium
458 1646 656 1688 doctrine
687 1645 891 1701 decalogi
923 1646 1018 1687 117.

111 1704 329 1760 Competit
341 1705 576 1760 vespilioni
590 1705 733 1747 invita
747 1705 971 1756 subieccio
996 1705 1092 1747 105.

74 1783 75 1786 ¹
111 1762 376 1818 Compilacio
405 1764 658 1805 saracenice
687 1763 844 1819 regule
878 1764 974 1806 144.

74 1838 78 1842 ·
111 1845 160 1852 —
194 1822 305 1878 legis
337 1822 466 1864 Cristi
495 1823 542 1863 in
574 1822 765 1878 dyalogo
799 1823 895 1865 117.

74 1883 75 1887 ’
107 1880 356 1936 Complecio
386 1881 499 1937 legis
530 1881 698 1923 domini
732 1881 827 1923 102.

104 1939 485 1994 Complementum
519 1939 807 1982 beatitudinis
839 1940 937 1981 147.

103 2021 157 2028 -
186 1998 359 2040 iusticie
393 1999 490 2040 132.

103 2056 410 2112 Compugnare
426 2057 593 2099 debent
611 2058 900 2099 consentanei
914 2062 1094 2113 propter

160 2115 384 2157 defectum
413 2115 519 2157 fidei
551 2117 652 2158 396.

72 2185 74 2191 ·
103 2172 353 2229 Compulsio
384 2175 580 2230 prudens
616 2175 712 2217 102.

108 2246 264 2275 -nem
279 2233 428 2288 gladio
447 2233 616 2275 Cristus
635 2233 820 2275 ecclesie
837 2233 960 2275 dedit
992 2235 1089 2277 102.

104 2291 350 2347 Conceptus
380 2293 593 2348 quinque,
627 2292 739 2334 scire
771 2297 854 2334 etc.
891 2294 986 2335 176.

103 2349 461 2393 Concomitancia
530 2351 766 2392 mulierum
839 2351 1091 2405 infatuavit,

158 2409 411 2457 stulficavit,
443 2410 674 2464 superavit
705 2411 775 2452 55.

105 2466 481 2523 Concupiscencia
512 2469 703 2522 carnalis
737 2469 834 2510 142.

102 2539 186 2568 -e
214 2527 367 2568 illicite
397 2532 622 2569 sectarum
654 2528 754 2571 142.

104 2583 421 2640 Concupiscere
451 2600 639 2628 uxorem
669 2587 858 2641 proximi
890 2587 987 2629 142.

103 2645 220 2686 —cit
247 2657 366 2700 papa
395 2644 577 2686 domum
606 2645 796 2700 proximi
827 2647 924 2688 130.

67 2703 69 2705 ’
105 2709 270 2745 —cunt
297 2703 476 2758 plurimi
495 2705 614 2745 bona
640 2704 829 2759 proximi
847 2717 928 2759 per
947 2705 1094 2746 media

159 2762 375 2816 nepharia
406 2763 504 2804 122.

104 2819 568 2876 Condempnacionem
647 2820 843 2863 excludit
915 2821 1092 2863 habitus

63 2927 65 2931 ¹
160 2879 515 2921 mendicancium
549 2881 646 2922 198.

107 2938 258 2979 —nari
273 2951 426 2980 omnes
441 2938 643 2980 homines
659 2938 736 2980 wlt
753 2938 970 2992 dyabolus
991 2939 1089 2981 366.

105 2997 308 3039 —nande
338 3002 441 3039 sunt
472 3002 593 3039 secte
626 2998 723 3040 180.

105 3053 312 3097 Condicio
341 3055 578 3111 culpabilis
615 3056 834 3098 subtrahit
864 3069 892 3098 a
920 3057 1107 3109 viatore,

161 3113 348 3169 gradum
378 3115 527 3170 gracie
561 3115 661 3157 501.

106 3194 161 3203 --
191 3177 410 3215 sectarum
442 3174 542 3215 710.

105 3253 160 3260 -
177 3231 408 3286 culpabilis
416 3232 508 3274 vite
520 3231 757 3274 difficultat
764 3232 981 3273 viatorem
990 3233 1070 3274 501
1079 3264 1088 3274 .

105 3311 160 3319 -
189 3290 344 3345 patula
387 3290 665 3333 anticristiva
709 3291 756 3332 in
802 3290 1090 3333 citacionibus

160 3361 276 3404 pape
307 3350 406 3392 689.
795 3353 797 3356 ⁴

59 3431 62 3434 ·
106 3429 157 3436 —
176 3408 315 3449 maior
340 3407 552 3449 bonitatis
577 3407 624 3448 in
648 3408 960 3463 predestinatis
990 3409 1089 3451 363.

61 3471 64 3475 ’
107 3487 160 3494 -
191 3465 371 3519 dyaboli
400 3467 499 3508 366.

107 3545 162 3552 —
191 3525 427 3567 manifesta
457 3524 641 3578 dyaboli
670 3524 717 3566 in
748 3525 958 3567 fratribus
989 3525 1088 3567 307.

53 3618 55 3622 ,
112 3603 160 3611 -
190 3583 519 3638 yppocritarum
541 3583 828 3639 consequitur
846 3583 1004 3626 fratres
1022 3586 1088 3626 16.

2062 394 2166 442 735

1185 530 1463 574 Condicionis
1494 532 1693 586 opposite
1725 536 1791 573 est
1819 532 2072 574 introducta
2101 548 2170 576 re-

1239 591 1346 646 ligio
1378 591 1476 632 334.

1184 649 1390 690 —ciones
1422 647 1617 689 caritatis
1648 648 1748 688 460.

1183 730 1237 736 —
1269 707 1455 747 fratrum
1486 719 1513 747 a
1535 705 1688 757 Cristo‚
1721 719 1829 746 num
1861 706 2046 748 fundate
2067 709 2166 750 307.

1184 787 1237 795 -—
1269 778 1386 819 pape
1416 763 1559 806 fidelis
1590 764 1740 819 tetigit
1771 765 1869 806 693.

1183 823 1399 865 Conducti
1446 827 1550 864 sunt
1592 827 1730 864 testes
1774 836 1853 877 pro
1900 825 2171 878 competenti

1239 882 1388 937 precio
1421 883 1519 923 251.

1182 940 1500 982 Confederacio
1532 939 1692 981 amoris
1729 939 1846 981 inter
1874 939 2076 982 homines
2107 940 2170 981 di-

1238 999 1423 1040 latanda
1455 1000 1552 1040 166.

1182 1057 1393 1100 Conferre
1426 1057 1566 1099 Cristo
1598 1057 1863 1099 elemosinas
1895 1058 1992 1099 191.

1181 1141 1237 1146 -
1270 1117 1387 1158 bona
1417 1129 1498 1158 sua
1529 1116 1736 1171 aliegene
1769 1116 1932 1157 discolo
1965 1117 2063 1158 243.

1182 1175 1408 1223 Confessio
1440 1175 1673 1229 multiplex
1703 1175 1835 1215 Pauli
1866 1176 1964 1216 686.

1181 1256 1237 1264 -
1268 1238 1554 1288 peccatorum
1584 1233 1642 1274 ad
1663 1233 1797 1274 deum
1817 1247 1908 1274 non
1929 1233 2166 1275 consulens

1239 1292 1514 1334 sacerdotem
1543 1292 1769 1346 proprium
1800 1292 1945 1333 salvat
1975 1294 2073 1333 509.
2206 1292 2208 1297 ’

1183 1374 1236 1380 ——
1268 1355 1552 1406 peccatorum
1590 1351 1647 1391 ad
1686 1350 1820 1391 deum
1851 1355 2172 1405 contempnens

1239 1410 1471 1451 consulere
1509 1409 1784 1450 sacerdotem
1822 1409 2048 1463 proprium
2086 1410 2169 1450 sal-

1238 1473 1316 1510 vat
1347 1469 1444 1510 509.

1181 1553 1236 1559 —-
1267 1526 1520 1568 necessaria
1549 1526 1767 1567 cristianis
1799 1527 1897 1568 623.

1183 1609 1237 1616 --
1267 1599 1455 1640 persone
1486 1585 1618 1626 unius
1649 1585 1706 1626 ad
1737 1585 1923 1626 alteram
1955 1586 2052 1626 622.

1182 1668 1237 1674 -
1269 1644 1528 1685 auricularis
1548 1644 1760 1699 processit
1779 1657 1835 1685 ex
1856 1644 2052 1685 avaricia
2073 1644 2173 1685 622.

1182 1703 1476 1755 Confessores,
1507 1703 1716 1758 virgines,
1748 1703 1949 1744 martires
1982 1704 2050 1744 79.

1182 1775 1338 1803 —ores
1374 1762 1583 1817 ignorant
1626 1761 1943 1803 contricionem
1981 1761 2172 1803 confessi

1182 1903 1236 1908 —
1270 1880 1429 1921 fratres
1462 1884 1506 1921 et
1536 1879 1776 1920 consiliarii
1806 1879 1875 1920 94.

1182 1937 1415 1980 Confidere
1445 1939 1492 1979 in
1521 1938 1710 1993 proximi
1748 1937 1954 1979 oracione
1985 1936 2170 1978 stultum

1241 2002 1307 2039 est
1338 1999 1437 2039 344.

1182 2079 1236 2085 -
1267 2057 1314 2096 in
1345 2056 1556 2098 creaturis
1587 2055 1821 2096 fallacibus
1855 2056 1952 2096 119.

1185 2136 1238 2146 ·—
1268 2115 1315 2155 in
1336 2115 1408 2156 dei
1424 2114 1705 2166 adiutorium,
1729 2113 1909 2169 quando
1925 2114 2052 2155 nefas
2071 2114 2172 2154 141..

1182 2172 1471 2215 Confirmacio
1503 2173 1703 2215 veritatis
1738 2173 1844 2214 fidei
1875 2174 1931 2214 ab
1964 2173 2173 2227 episcopo

1241 2233 1440 2287 queritur
1472 2234 1570 2274 262.

1181 2313 1235 2320 —
1272 2291 1472 2333 defectus
1506 2292 1605 2332 198.

1181 2372 1236 2379 —
1267 2351 1440 2405 papalis
1470 2350 1627 2405 regule
1658 2354 1879 2390 sectarum
1910 2350 1979 2391 20.

1181 2432 1235 2438 -
1269 2415 1419 2464 empta
1447 2422 1564 2464 pape
1598 2409 1666 2450 31.

1181 2469 1413 2510 —cionem
1463 2467 1651 2523 apostoli
1696 2480 1724 2508 a
1773 2467 1906 2508 Petro
1956 2480 2047 2507 non
2096 2465 2174 2506 ha-

1241 2528 1436 2568 buerunt
1466 2528 1565 2569 258.

1183 2608 1235 2613 —
1255 2586 1431 2627 ordines
1453 2585 1688 2640 presbiteri
1710 2584 1907 2626 inferiori
1922 2584 2170 2625 ministrare

1239 2649 1424 2699 possunt
1454 2646 1553 2686 260.

1182 2716 1238 2744 ex
1270 2704 1455 2744 —cione
1486 2702 1639 2758 papali
1669 2707 1789 2744 secte
1818 2715 2010 2744 errorem
2041 2715 2172 2742 suum

1239 2761 1502 2803 confirmant
1532 2763 1630 2803 249.

1182 2819 1454 2862 Confirmant
1483 2825 1603 2862 secte
1628 2833 1822 2862 errorem
1843 2833 1970 2861 suum
1993 2833 2049 2860 ex
2069 2833 2171 2861 con-

1237 2879 1493 2921 firmacione
1523 2880 1675 2934 papali
1706 2881 1806 2921 249.

1181 2938 1431 2980 Confiscare
1452 2939 1529 2980 wlt
1549 2952 1628 2980 rex
1651 2938 1706 2980 de
1726 2937 2046 2992 temporalibus
2069 2938 2167 2978 283.

1180 2997 1328 3038 -nda
1373 3002 1475 3039 sunt
1518 2997 1783 3052 temporalia
1822 3001 1866 3038 et
1906 2997 2023 3038 bona
2061 2997 2172 3050 2823

1180 3114 1472 3156 Conformitas
1502 3115 1783 3156 sacerdotum
1802 3114 1895 3170 legi
1919 3113 2046 3154 Cristi
2072 3114 2170 3155 101.

1179 3173 1473 3215 Conformiter
1502 3174 1657 3215 vivere
1690 3173 1853 3214 sanctis
1882 3173 1929 3213 in
1949 3172 2046 3213 celo
2070 3173 2172 3213 144.

1180 3232 1374 3274 Confusa
1404 3233 1634 3274 accusacio
1665 3231 1941 3273 insufficiens
1975 3232 2043 3273 78.

1182 3315 1236 3321 —
1268 3292 1433 3333 noticia
1462 3291 1696 3346 proditoris
1729 3292 1797 3333 77.

1179 3364 1335 3392 —sum
1365 3351 1551 3392 verbum
1582 3350 1797 3404 scripture
1831 3350 1900 3391 78.

1179 3408 1498 3451 Confusionum
1530 3409 1813 3463 despumacio
1846 3409 1914 3450 73.

1180 3467 1441 3509 Confutacio
1472 3467 1633 3509 ficticie
1666 3467 1880 3508 anticristi
1914 3467 2013 3508 216.

1179 3526 1419 3582 Congeries
1440 3526 1744 3568 accidencium
1767 3529 1922 3567 manet
1941 3525 1989 3566 in
2010 3525 2174 3567 eucha-

1237 3586 1361 3627 ristia
1392 3586 1490 3628 621.
