2528 4074
334 386 433 434 788

332 523 535 565 Occiduis
564 534 679 576 papa
698 523 930 577 precipuus
950 523 1194 564 anticristus
1225 525 1290 563 est

331 582 499 679 Ocffis‘io
528 636 664 678 Ducis
693 637 946 678 Lancastrie
977 637 1074 678 227.
1332 678 1334 688 .

333 717 385 724 —
417 694 650 748 spiritualis
683 695 783 747 1293
818 695 911 736 130.
1331 690 1336 896 3

332 774 384 780 ——
415 756 645 806 parentum
676 752 771 792 134.

333 831 388 838 —
416 808 650 863 spiritualis
678 808 985 849 monachorum
1017 808 1111 848 134.

335 889 386 896 —
418 865 651 919 corporalis
683 866 777 906 129.
1333 897 1335 906 ,

333 946 386 953 -
416 923 597 963 fratrum
627 922 726 964 459.
1334 913 1336 970 ἓ

332 980 532 1020 ——siones
560 991 771 1032 paparum
802 980 898 1020 460.
1334 995 1337 1043 3

336 1037 559 1078 Occisores
587 1036 772 1089 proximi
800 1035 949 1075 iniusti
978 1039 1078 1075 sunt
1110 1034 1202 1075 121.
1334 1046 1337 1080 ρ

333 1093 578 1147 Occupacio
624 1093 736 1133 circa
780 1092 1038 1147 temporalia
1078 1092 1125 1131 in
1162 1091 1293 1132 deum
1334 1103 1337 1140 5

389 1150 572 1191 collecta
603 1150 699 1191 123.
1334 1141 1338 1215 ζ

334 1207 539 1248 Ociantes
553 1207 599 1246 in
619 1219 750 1261 opere
770 1207 1088 1248 contrariantur
1106 1205 1293 1246 clemen·
1334 1218 1337 1264 3

389 1264 455 1305 cie
486 1265 582 1305 214.

333 1321 454 1362 -ari
482 1321 648 1362 faciunt
677 1326 794 1362 secte
824 1322 892 1362 28.
1335 1291 1338 1374 Ι

333 1379 440 1419 Ocio
468 1378 746 1419 intendentes
778 1380 872 1420 120.
1335 1378 1338 1447 j

333 1435 443 1476 Octo
473 1448 637 1489 genera
665 1435 989 1476 mendaciorum
1023 1436 1120 1476 349.

334 1492 438 1534 Odit
466 1492 597 1533 deum
627 1498 671 1534 et
689 1493 933 1547 proximum
955 1497 1074 1533 secta
1103 1491 1294 1532 secunda

333 1607 408 1661 qui
437 1630 491 1637 -—
521 1606 699 1647 fratrem
728 1619 854 1646 suum
874 1606 1090 1646 homicida
1110 1611 1175 1647 est
1194 1607 1291 1647 332.

334 1669 515 1705 ——entes
543 1663 670 1704 multi
697 1663 850 1704 fratres
879 1676 979 1704 suos
1011 1664 1105 1705 121.

336 1722 486 1761 ——iunt
513 1721 667 1761 fratres
696 1725 813 1761 secte
844 1722 911 1762 63.

334 1801 387 1808 --
419 1778 596 1832 quidam
623 1778 774 1819 videre
795 1778 921 1832 signa
938 1777 1175 1831 ypocritica
1195 1778 1292 1818 334.

334 1835 494 1876 Odium
523 1840 640 1876 secte
670 1835 861 1876 secunde
892 1835 1137 1876 declaratur
1169 1835 1263 1875 131.

335 1916 386 1922 -
418 1898 633 1933 sectarum
669 1894 765 1934 140.

335 1973 388 1979 --
419 1954 636 1990 sectarum
664 1950 710 1989 in
739 1954 902 1990 sectam
933 1949 1060 1990 Gristi
1089 1951 1156 1991 63.

335 2006 568 2048 Offendere
588 2008 634 2047 in
653 2007 819 2048 monita
838 2019 951 2061 pape
968 2007 1143 2062 gravius
1163 2019 1296 2060 quam

391 2065 437 2104 in
466 2064 632 2105 monita
662 2064 789 2105 Gristi
819 2066 914 2106 691.

338 2145 389 2151 —
419 2122 465 2161 in
492 2135 581 2162 uno
609 2121 912 2163 mandatorum
943 2122 1038 2162 119.

335 2179 454 2219 —dit
473 2179 603 2220 deum
622 2179 749 2220 homo
769 2180 816 2219 in
829 2179 1180 2233 prevaricacione
1199 2179 1294 2219 124.

334 2236 500 2277 -dunt
528 2236 703 2290 plurimi
731 2236 778 2276 in
808 2236 1044 2277 affeccione
1077 2237 1171 2277 121.

334 2293 656 2335 Offendiculum
699 2294 942 2349 ewangelio
993 2293 1121 2334 Cristi
1163 2279 1296 2334 I'udas

388 2351 512 2404 ponit
540 2352 636 2392 371.

334 2408 526 2449 Offensio
562 2408 608 2448 in
642 2408 766 2463 leges
808 2421 922 2462 pape
962 2409 1136 2463 gravior
1153 2420 1296 2462 ¹quam

392 2464 519 2505 Cristi
548 2466 644 2506 691.

336 2521 539 2562 Officium
567 2535 680 2576 pape
711 2523 808 2564 691.

336 2601 389 2608 -
421 2584 466 2619 et
498 2583 634 2620 status
662 2592 776 2634 pape
807 2581 1074 2634 superfluum
1105 2582 1201 2623 692.

338 2659 390 2665 —
423 2636 529 2676 deus
559 2637 773 2678 sacerdoti
800 2637 958 2678 limitat
986 2639 1083 2679 258.

338 2716 390 2724 -—
422 2698 559 2734 status
597 2706 624 2734 a
660 2694 741 2734 deo
785 2694 971 2735 instituti
1009 2694 1196 2735 fideliter
1233 2699 1298 2736 est
1339 2724 1341 2728 -

392 2750 692 2805 peragendum
722 2752 819 2792 259.

340 2830 388 2836 --
421 2808 606 2861 pastoris
650 2807 795 2849 deficit
843 2809 1141 2850 subtraccione
1187 2809 1296 2850 deci-

393 2877 564 2905 marum
596 2866 690 2907 133.

338 2945 391 2951 ——
424 2926 468 2963 et
494 2922 640 2976 legem
662 2922 824 2964 Gristus
853 2923 942 2963 suis
964 2923 1184 2977 discipulis
1213 2927 1297 2964 tra-

397 2979 504 3020 didit
535 2981 630 3022 670.

338 3036 395 3076 ad
425 3059 478 3066 —
509 3037 809 3091 peragendum
839 3037 947 3079 deus
983 3038 1195 3079 sacerdoti
1224 3038 1299 3079 dat

395 3094 587 3148 graciam
613 3095 710 3136 258.

342 3151 462 3191 —cio
493 3151 682 3205 episcopi
724 3156 802 3192 aut
843 3152 1085 3206 presbyteri
1128 3150 1298 3192 nullum

396 3207 585 3249 officium
610 3209 791 3250 viatoris
812 3214 877 3250 est
896 3209 1014 3263 apud
1041 3209 1171 3250 deum
1197 3210 1299 3249 bea-

396 3265 487 3306 cius
518 3267 613 3306 504.

340 3344 393 3350 -
425 3323 615 3376 episcopi
657 3327 735 3364 aut
775 3324 1017 3377 presbyteri
1058 3323 1191 3364 nichil
1235 3327 1300 3364 est

398 3379 626 3432 difficilius,
656 3381 938 3434 periculosius
973 3385 1018 3422 et
1043 3380 1299 3421 laboriosius

342 3493 526 3534 Omissio
556 3493 814 3535 hortacionis
847 3496 940 3536 130.

1056 379 1353 420 GENERAL
1383 378 1599 419 INDEX.

1378 520 1562 561 Omissio
1591 522 1834 563 novitatum
1864 522 2044 562 fratrum
2074 520 2143 561 94.

1378 577 1596 619 Omittunt
1624 579 1777 620 fratres
1800 578 2122 633 correpcionem
2139 581 2340 631 peccato-
2419 607 2441 618 -,

1432 648 1529 675 rum
1557 637 1625 676 48.

1377 693 1560 733 —ittere
1589 692 1936 746 predicacionem
1973 691 2206 746 ewangelii
2240 692 2338 733 133.

1377 749 1518 790 Omne
1546 755 1775 802 peccatum
1803 749 2079 791 mendacium
2107 744 2182 790 est'
2202 749 2299 791 348.

1378 818 1512 846 —nes
1542 811 1660 847 secte
1679 819 1769 847 non
1787 811 1967 860 possunt
1985 806 2131 847 facere
2161 805 2341 847 eviden-
2421 794 2445 826 ⁵³

1433 862 1546 902 ciam
1575 863 1649 903 vel
1675 864 2014 916 perfunctoriam
2041 864 2139 904 277.

1379 919 1510 959 —nia
1531 932 1616 973 que
1640 920 1847 961 evenient
1866 921 2044 961 evenire
2059 920 2222 962 debent
2240 920 2337 962 614.

1379 999 1431 1005 —
1464 975 1570 1016 deus
1599 990 1687 1016 non
1716 977 1856 1017 solum
1891 977 1989 1029 scit,
2029 977 2108 1018 sed
2133 980 2344 1032 preparat
2422 998 2428 1036 3

1436 1037 1480 1073 et
1509 1033 1697 1087 disponit
1726 1035 1823 1074 343.

1380 1112 1433 1118 —
1466 1089 1572 1130 deus
1601 1090 1682 1131 scit
1708 1090 1937 1144 presencia
1956 1091 2165 1145 preterita
2191 1090 2344 1132 futura
2423 1127 2427 1131 .

1439 1148 1535 1188 343.

1381 1227 1434 1232 -
1463 1217 1602 1259 reg-na
1637 1204 1788 1244 mundi
1822 1203 2128 1245 transfundere
2163 1209 2345 1258 possent
2415 1199 2448 1251 ’ῥ’

1436 1261 1483 1301 in
1526 1274 1705 1315 papam,
1751 1262 1862 1302 sicut
1905 1261 2178 1316 supponitur,
2223 1261 2342 1316 quod
2414 1257 2438 1305 ζ

1437 1318 1648 1371 dyabolus
1680 1323 1745 1360 est
1775 1319 1871 1360 308.

1382 1398 1435 1404 —
1465 1376 1545 1416 scit
1574 1389 1745 1430 semper
1773 1375 1937 1416 Gristus
1967 1375 2064 1418 631.

1381 1456 1435 1462 -
1465 1433 1692 1487 presencia
1719 1438 1821 1474 sunt
1849 1432 1967 1487 apud
1997 1430 2185 1473 Cristum
2213 1432 2310 1499 630.

1380 1490 1714 1543 Omnipotencia
1763 1495 1807 1531 et
1862 1489 2169 1531 omnisciencia
2216 1486 2343 1531 Onsti
2411 1483 2421 1514 5
2456 1488 2458 1490 ’

1380 1548 1665 1658 ΟΠ111112Ῑ10158118
1695 1604 1803 1645 deus
1833 1609 1899 1645 est
1926 1606 2024 1646 418.

1380 1661 1630 1703 Onerantur
1663 1674 1878 1716 pauperes
1906 1661 2066 1716 Anglie
2101 1650 2248 1716 preter
2279 1659 2344 1703 le-

1437 1732 1538 1774 gem
1566 1719 1729 1759 domini
1757 1719 1853 1760 244.

1381 1775 1578 1817 Onerosa
1596 1781 1716 1817 secta
1735 1781 1892 1830 quarta
1911 1775 2072 1831 Anglie
2093 1780 2139 1818 et
2157 1775 2343 1818 ecclesio
2406 1775 2437 1836 μ’
2452 1792 2458 1821 1

1438 1834 1536 1875 253.

1385 1891 1476 1931 —si
1505 1891 1688 1931 ecclesie
1717 1904 1806 1932 non
1843 1890 2006 1932 debent
2044 1901 2139 1931 esse
2166 1889 2347 1944 presbye
2397 1905 2410 1942 T]-
2495 1875 2502 1882 „

1437 1948 1520 1989 teri
1549 1949 1646 1989 394.

1381 2018 1486 2046 —se
1515 2010 1616 2046 sunt
1644 2010 1762 2046 secte
1801 2005 1983 2046 ecclesie
2020 2008 2172 2046 contra
2198 2003 2345 2059 legem
2398 2006 2423 2063 [ᾖ
2458 2037 2462 2045 ,

1382 2062 1732 2174 —dgagli'g’ribus
1763 2119 1890 2160 Cristi
1918 2123 2020 2160 sunt
2047 2123 2166 2160 secte
2195 2119 2266 2161 28.

1383 2200 1437 2206 —
1467 2177 1732 2231 pauperibus
1760 2181 1878 2218 secte
1917 2177 1987 2218 44.

1383 2235 1497 2275 —sis
1527 2247 1622 2276 esse
1651 2235 1878 2288 prepositis
1913 2233 2097 2275 ecclesie
2125 2246 2215 2275 non
2241 2232 2351 2274 licet
2489 2233 2493 2235 ’

1383 2293 1664 2390 OrilgsaCristi
1691 2348 1791 2389 leve
1821 2347 2038 2389 dimittere
2076 2348 2172 2390 142.

1383 2429 1438 2436 —
1469 2420 1596 2447 suum
1610 2405 1909 2459 unusquisque
1923 2405 2115 2459 portabit
2128 2404 2226 2458 3273
2246 2405 2346 2447 329.
2472 2404 2479 2434 7

1382 2463 1439 2504 ad
1454 2477 1594 2504 —nus
1615 2463 1797 2504 ecclesie
1817 2463 1973 2503 fratres
1992 2461 2228 2504 introducti
2247 2462 2347 2503 368.
2411 2480 2417 2514 j
2498 2466 2502 2514 ¹.

1384 2521 1555 2562 —neris
1583 2520 1776 2575 portacio
1815 2523 2030 2574 perpetua
2058 2524 2103 2561 et
2130 2523 2345 2574 tempora-
2407 2520 2410 2562 Ϊ

1439 2579 1492 2619 lis
1523 2583 1588 2619 est
1618 2579 1714 2619 329.

1381 2636 1428 2675 in
1461 2635 1691 2676 -neribus
1718 2646 1963 2688 pauperum
1982 2634 2227 2676 consentire
2247 2612 2350 2676 244.
2481 2614 2486 2637 ³

1384 2693 1555 2734 Onusta
1584 2697 1650 2733 est
1677 2692 1751 2732 lex
1784 2704 1901 2732 nova
1936 2691 2118 2733 fratrum
2145 2690 2352 2733 humanis
2478 2710 2486 2729 1

1439 2749 1750 2791 tradicionibus
1781 2750 1850 2790 90.

1385 2807 1604 2848 Onustant
1631 2811 1748 2847 secte
1780 2806 2010 2847 ecclesiam
2041 2807 2109 2847 59.

1385 2864 1562 2918 Optima
1590 2868 1710 2905 secta
1737 2863 1951 2918 possibilis
1981 2867 2102 2904 secta
2125 2861 2249 2903 Cristi
2280 2865 2348 2903 ost
2387 2916 2392 2923 .

1441 2923 1517 2975 223
1549 2923 1645 2963 657.

1384 2979 1598 3034 Operacio
1630 2978 1900 3032 ewangelica
1918 2977 2072 3019 melior
2090 2989 2224 3031 quam
2253 2987 2351 3017 ora·-
2400 2972 2410 3024 ,ζ’
2486 3002 2488 3006 >

1441 3037 1507 3078 cio
1535 3037 1708 3078 Usuum
1739 3037 1835 3077 345.

1385 3117 1438 3123 —-
1469 3094 1652 3134 fratrum
1683 3094 1778 3134 103.

1385 3174 1439 3181 —-
1466 3151 1662 3191 fidelium
1682 3150 1739 3191 ad
1757 3150 2076 3203 perfeccionem
2095 3146 2257 3189 ordinis
2274 3146 2345 3188 98.
2482 3130 2505 3154 '⁵

1387 3208 1556 3249 -cioni
1585 3207 1852 3262 ewangelice
1896 3220 1996 3248 cum
2037 3205 2240 3246 libertate
2275 3202 2350 3245 dei
2481 3218 2506 3234 v·

1440 3265 1669 3306 intendere
1701 3266 1796 3306 345.

1385 3322 1668 3376 Operandum
1698 3321 1867 3362 duabus
1895 3321 1978 3363 viis
2006 3321 2053 3361 in
2078 3323 2218 3361 sectas
2247 3317 2344 3360 353.
2389 3296 2410 3363 J·
2472 3295 2505 3374 f

1385 3380 1538 3433 Operti
1573 3383 1674 3420 sunt
1716 3379 1870 3420 fiatres
1912 3378 2065 3432 planta
2105 3388 2246 3431 nsque
2289 3372 2351 3416 ad
2477 3394 2480 3401 Α

1430 3437 1650 3477 >verticem
1678 3436 1914 3477 mendaciis
1945 3436 2041 3477 351.

1385 3494 1542 3548 Opinio
1573 3494 1681 3534 citra
1709 3492 1841 3534 fidem
1869 3492 1977 3533 fides
2007 3496 2074 3533 est
2104 3490 2199 3532 178.
