2528 4074
835 435 1138 476 GENERAL
1170 434 1398 476 INDEX.

121 579 402 635 Perpetuitas
432 580 672 622 mansionis
701 583 922 621 sectarum
954 580 1022 621 74.

121 643 319 681 —tatem
339 639 581 681 elemosine
599 637 728 680 multi
747 637 832 679 sibi
850 637 1107 679 mendicant

181 699 279 740 198.

46 732 75 773 '⁴
118 756 434 811 Perplexitatis
463 753 659 796 exclusio
690 753 791 795 344.

59 826 62 827 ⁷
118 815 380 856 Persecucio
411 812 541 855 eristi
568 813 670 854 465.
745 853 746 856 ,

120 896 174 902 -
205 885 322 928 pape
341 885 432 913 non
451 871 677 925 quietatur
694 869 742 911 in
757 869 908 912 multis
927 870 1103 913 milibus

176 931 418 972 occisorum
449 930 548 972 601.

50 1002 53 1003 ⁷
119 1013 172 1019 —
204 988 376 1031 Urbani
403 988 468 1030 VI
496 987 726 1029 recencius
754 993 973 1030 renovata
1002 989 1102 1032 600.

117 1070 171 1076 -—
201 1046 376 1102 papalis
405 1059 434 1088 a
454 1045 595 1088 Cristo
614 1059 707 1088 non
727 1047 984 1102 exemplata
1003 1048 1103 1090 615.

45 1110 47 1114 '
116 1129 171 1136 —
193 1109 238 1147 et
256 1104 478 1147 horrenda
492 1105 652 1147 occisio
668 1105 741 1146 cui
755 1105 987 1148 immineat
1000 1106 1102 1150 466.

56 1204 58 1206 ,
114 1186 170 1194 -
201 1164 391 1206 ecclesie
418 1164 467 1205 in
494 1164 635 1220 primo
664 1164 914 1207 millenario
945 1166 1045 1207 392.
1101 1187 1103 1190 .

51 1279 53 1282 ι
113 1222 345 1265 —cionem
379 1227 561 1278 propter
587 1222 826 1265 veritatem
864 1223 1102 1280 ewangeli-

171 1294 270 1323 cam
297 1285 418 1324 secte
448 1281 703 1338 auffugiunt
732 1282 832 1324 398.

57 1399 60 1406 ἱ
82 1385 85 1388 ⁴
113 1364 168 1371 —
199 1340 348 1382 anime
379 1345 426 1382 et
453 1341 622 1383 malum
640 1340 806 1383 veritas
824 1340 925 1396 plus
945 1353 1102 1396 appre-

169 1399 313 1441 ciatur
342 1412 479 1454 quam
508 1399 703 1455 corporis
731 1399 832 1442 398.

112 1458 319 1500 -6101166
339 1458 489 1513 quoad
508 1471 667 1513 corpus
686 1457 976 1512 sequencium
997 1471 1099 1500 con-

168 1516 317 1558 silium
346 1517 524 1572 spiritus
552 1517 699 1560 sancti
725 1516 826 1558 216.

54 1587 57 1610 2
109 1575 352 1618 Persecuta
360 1579 666 1631 estpersectas
680 1574 900 1617 hereticas
910 1575 1099 1618 ecclesia

157 1635 268 1676 39.8

70 1706 85 1713 ‘
110 1692 203 1734 —ti
231 1697 336 1735 sunt
354 1691 543 1748 apostoli
561 1694 608 1734 et
627 1691 833 1748 discipuli
851 1691 983 1734 Oristi
996 1693 1097 1736 215.

106 1750 457 1794 Perseverancia
497 1750 611 1807 legis
656 1750 730 1793 dei
773 1755 842 1794 est
883 1750 1098 1795 fortitudo

167 1810 307 1851 animi
337 1811 437 1852 216.
465 1814 468 1817 ’

105 1867 402 1911 Perseverare
429 1868 564 1911 debet
582 1867 727 1911 fidelis
745 1869 794 1910 in
812 1869 1036 1912 mandatis
1052 1875 1098 1912 et

162 1928 383 1983 preceptis
413 1928 514 1970 365.

103 1985 366 2029 Persolvere
394 1986 554 2029 laudes
587 1986 763 2029 debitas
791 1987 927 2043 capiti
956 1988 1095 2031 eccle-

162 2045 227 2087 sie
258 2046 328 2088 79.

102 2102 301 2146 Persona
328 2104 500 2146 intrans
529 2108 674 2147 sectas
695 2109 764 2148 est
780 2109 833 2147 ut
850 2105 914 2147 sic
933 2105 1094 2148 stolida

50 2183 51 2191 ι
116 2199 118 2202 .
161 2163 262 2205 303.

103 2243 158 2251 -
190 2220 343 2277 aliqua
371 2235 548 2278 semper
576 2222 796 2265 salvanda
826 2227 893 2266 est
925 2225 1022 2266 178.

103 2302 157 2308 -—
189 2293 283 2322 una
312 2281 360 2322 in
388 2281 520 2323 sectis
549 2281 752 2323 extendit
770 2282 990 2337 reliquam
1019 2283 1090 2326 43.

104 2361 158 2367 —
190 2339 329 2395 digna
358 2339 522 2382 ducere
553 2353 660 2383 oves
692 2339 824 2383 Cristi
856 2342 954 2384 130.

101 2420 157 2426 —-
177 2398 418 2440 iustissima
434 2399 665 2454 predicata
684 2412 713 2441 a
732 2412 853 2455 papa
875 2401 972 2442 130.

103 2479 156 2485 --
187 2457 390 2512 quelibet
418 2457 596 2513 generis
622 2458 808 2500 humani
827 2458 993 2515 duplex
1014 2471 1092 2501 na-

157 2519 260 2557 tura
290 2520 358 2558 est
390 2517 488 2559 164.

103 2596 156 2602 —
188 2574 347 2617 eadem
375 2588 484 2618 vere
514 2580 583 2618 est
609 2580 755 2618 mater
783 2575 915 2619 Oristi
947 2577 1044 2619 164.

101 2655 155 2662 —
185 2633 314 2676 nulla
351 2647 409 2676 ex
446 2633 677 2677 ordinibus
706 2635 834 2678 novis
864 2635 1092 2677 occidatur

101 2773 154 2780 --
186 2750 325 2793 citata
354 2751 464 2807 quid
492 2752 584 2807 pati
617 2751 752 2794 debet
781 2753 882 2795 549.

101 2832 154 2838 ——
185 2809 234 2851 in
262 2809 488 2852 habitibus
517 2815 638 2853 secte
669 2815 829 2866 quarte
847 2816 1024 2853 mortua
1042 2812 1089 2853 in

154 2867 304 2911 locum
319 2868 500 2924 dyaboli
513 2883 606 2912 non
621 2869 974 2926 condempnatur
988 2871 1087 2914 252.

99 2935 154 2956 -‘—
184 2927 400 2984 colligens
443 2941 608 2971 novam
652 2933 820 2970 sectam
863 2943 955 2972 non
993 2930 1087 2972 lau-

155 2985 306 3028 danda
333 2986 414 3029 sed
442 2987 668 3043 culpanda
696 2988 767 3030 24.

96 3057 124 3086 a
156 3067 209 3076 -
241 3045 402 3088 eadem
429 3046 678 3102 procedunt
707 3046 795 3089 due
815 3060 1005 3102 persone
1026 3047 1088 3090 di-

154 3103 260 3146 vine
300 3105 399 3147 163.

96 3174 124 3204 a
139 3185 194 3192 —-
212 3162 366 3206 divina
379 3163 523 3219 prima
535 3164 738 3220 procedit
752 3164 953 3221 quelibet
966 3178 1088 3207 crea-

154 3226 258 3264 tura
291 3223 390 3265 163.

0 3281 9 3335 ξ
56 3287 59 3291 ’
98 3293 260 3322 —nam
290 3280 480 3323 eandem
509 3282 756 3324 secundum
774 3282 922 3324 varias
949 3282 1087 3324 racio-

153 3352 235 3381 nes
263 3338 482 3382 honorare
512 3344 559 3382 et
587 3345 904 3396 contempnere
937 3341 1034 3384 180.

58 3430 61 3435 .
98 3410 213 3439 -116
245 3410 302 3440 ex
331 3398 462 3440 sectis
489 3399 715 3442 mirabiles
744 3400 982 3442 sanctitate
1013 3401 1083 3442 66.

0 3459 9 3509 ζ
97 3478 152 3485 —-
183 3469 265 3511 per
293 3456 486 3512 collegia
515 3463 806 3514 acceptantur
835 3459 935 3501 271.

98 3536 151 3544 --
182 3519 273 3556 tres
305 3515 456 3557 divine
484 3528 616 3571 pares
645 3522 750 3559 sunt
781 3518 878 3560 169.

51 3587 53 3590 ·
95 3595 152 3603 -
183 3573 368 3615 seducte
398 3587 479 3629 per
508 3579 652 3617 sectas
684 3577 754 3618 34.

6 3659 10 3662 -
97 3653 150 3661 ——
181 3632 349 3687 priores
368 3632 632 3675 invehentes
653 3639 807 3676 contra
821 3639 963 3676 sectas
986 3635 1084 3678 175.

188 3716 323 3761 Wiclzjf,
347 3719 544 3753 Polemical
571 3719 710 3754 Workc.

2076 443 2178 491 801

1193 579 1391 622 Persone
1421 579 1615 633 quedam
1635 585 1857 622 sectarum
1881 583 2076 637 graviter
2107 584 2182 625 ad·

1252 641 1489 681 versantur
1517 638 1723 693 religioni
1755 638 1885 680 Cristi
1919 641 2014 682 174.

1195 719 1249 724 —
1280 695 1421 737 multe
1458 700 1679 737 sectarum
1710 710 1767 738 ex
1796 698 2066 741 contricione
2100 701 2185 741 sal-

1250 758 1416 795 vantur
1444 754 1544 795 454.

1195 835 1249 840 ——
1280 816 1502 853 sectarum
1531 825 1612 867 per
1641 826 1690 854 se
1719 825 1940 868 pauperes
1959 820 2063 856 sunt
2083 817 2183 858 253.

1195 893 1250 899 —
1281 883 1388 925 sepe
1418 870 1532 925 legis
1563 871 1636 913 dei
1665 871 1811 927 ignari
1840 876 1944 914 sunt
1974 874 2072 924 250.

1196 952 1249 957 —-
1294 933 1530 983 peccatum
1570 934 1806 985 peccatum
1840 931 1982 972 tocius
2018 931 2184 974 ordinis

1195 1059 1410 1088 —narum
1440 1046 1647 1101 accepcio
1679 1046 1799 1102 apud
1831 1046 2022 1089 Cristum
2053 1049 2153 1091 677.

1193 1128 1247 1134 -
1280 1105 1487 1160 accepcio
1518 1106 1589 1147 22.

1193 1187 1248 1194 —
1280 1164 1486 1219 accepcio
1516 1178 1609 1205 ιιοιι
1639 1169 1708 1206 est
1737 1164 1857 1219 apud
1888 1165 2022 1207 deum
2050 1167 2150 1208 361.

1191 1246 1248 1252 -
1299 1223 1506 1278 accepcio
1542 1223 1725 1278 publica
1762 1228 1808 1266 et
1843 1224 1974 1267 nimis
2011 1230 2183 1280 pertur-

1250 1281 1362 1323 bans
1393 1281 1629 1323 ecclesiam
1662 1282 1759 1324 170.

1192 1363 1247 1369 -
1279 1340 1486 1395 accepcio
1517 1340 1740 1382 contraria
1767 1340 1860 1397 legi
1890 1341 1963 1383 dei
1995 1343 2093 1384 171.

1191 1422 1247 1427 —
1279 1398 1486 1454 accepcio
1516 1412 1608 1440 ιιοιι
1630 1399 1765 1460 debet
1785 1412 1882 1442 esse
1903 1401 2024 1456 apud
2045 1401 2180 1443 deum

1192 1539 1245 1544 —
1278 1489 1485 1571 accepcio
1529 1515 1577 1556 in
1614 1516 1822 1558 humanis
1861 1517 2180 1559 tradicionibus

1248 1575 1435 1616 nimium
1464 1575 1632 1616 usitata
1663 1576 1761 1618 171.

1194 1656 1243 1662 -
1276 1634 1484 1689 accepcio
1529 1634 1807 1690 originaliter
1855 1639 1923 1676 est
1966 1634 2014 1676 in
2057 1640 2179 1677 statu

1246 1705 1363 1747 pape
1395 1694 1493 1735 171.

1189 1774 1242 1780 —-
1265 1751 1488 1806 accepcio,
1511 1751 1618 1806 quid
1640 1756 1707 1794 est
1726 1751 1973 1794 secundum
1993 1753 2178 1809 scriptu-

1245 1823 1341 1851 ram
1374 1811 1472 1853 171.

1190 1892 1240 1898 -
1274 1869 1531 1911 immunitas
1561 1869 1608 1910 in
1638 1869 1771 1911 sectis
1812 1870 1883 1913 78.

1187 1950 1244 1957 —
1274 1929 1612 1970 monstruositas
1642 1929 1689 1969 in
1718 1929 1905 1984 prandio
1938 1930 2007 1972 71.

1187 1999 1326 2028 -nas
1355 1992 1476 2029 secte
1505 1987 1811 2042 phariseorum
1832 1987 2000 2030 Oristus
2020 1987 2178 2030 dilexit

1243 2045 1302 2086 ad
1331 2046 1658 2088 beatitudinem
1690 2047 1787 2089 174.

1184 2104 1437 2146 Personalis
1468 2109 1514 2147 et
1543 2105 1766 2160 generalis
1798 2119 1918 2147 error
1949 2106 2048 2148 353.

1183 2163 1485 2205 Personalitas
1523 2168 1620 2206 tota
1655 2163 1846 2206 hominis
1884 2170 2088 2206 servatur
2127 2166 2174 2206 in

1243 2222 1401 2277 spiritu
1434 2224 1532 2265 706.

1183 2281 1472 2323 Perturbacio
1504 2282 1691 2324 ecclesie
1725 2283 1823 2325 194.

1189 2363 1239 2370 —
1271 2353 1511 2396 regnorum
1543 2342 1642 2384 285.

1181 2398 1454 2441 Perturbant
1490 2399 1668 2442 ordines
1704 2400 2006 2441 sinceritatem
2045 2399 2176 2442 Cristi

1243 2458 1408 2500 ordinis
1440 2459 1509 2500 61.

1182 2517 1400 2559 —bantes
1429 2530 1588 2571 pacem
1618 2517 1790 2559 faciunt
1828 2522 2031 2572 tempora
2060 2518 2174 2573 peri-

1242 2576 1395 2618 culosa
1426 2577 1495 2618 38.

1183 2635 1349 2676 —bata
1367 2647 1457 2689 pax
1476 2648 1555 2690 pro
1575 2634 1734 2677 timore
1754 2635 1929 2677 comodi
1947 2648 2065 2691 pape
2101 2637 2172 2678 32.

1180 2693 1387 2735 Perversi
1416 2707 1524 2749 sepe
1561 2699 1666 2736 sunt
1702 2699 1925 2736 sectarum
1960 2695 2174 2750 prepositi

1179 2810 1445 2853 Pervertere
1475 2811 1653 2853 ordines
1677 2811 1809 2853 Cristi
1837 2811 2068 2868 regulares
2099 2814 2171 2856 57.

1179 2870 1265 2912 Ρ66
1309 2870 1527 2912 inducens
1579 2870 1627 2911 in
1679 2870 1797 2913 vicia
1844 2872 2055 2926 superbia
2106 2876 2174 2913 est

1178 2961 1367 3029 Pessimi
1380 2988 1732 3043 prevaricatores
1747 2988 2059 3031 mandatorum
2071 2989 2092 3029 1
2101 2990 2170 3031 19.

1177 3046 1503 3089 Pestilencialis
1534 3060 1646 3089 aura
1677 3048 1746 3090 72.

1122 3118 1125 3119 ⁷
1177 3105 1493 3148 Pestilenciam
1524 3107 1674 3148 anime
1703 3106 1923 3148 inducunt
1944 3111 2065 3149 secte
2098 3107 2168 3149 72.

1181 3164 1304 3206 -616
1337 3166 1406 3207 74.

1175 3222 1345 3265 Peticio
1361 3223 1530 3266 vocalis
1545 3223 1708 3266 dicitur
1726 3224 2002 3266 mendicacio
2023 3224 2171 3266 decla-

1234 3282 1405 3324 mativa
1436 3283 1536 3325 188.

1175 3341 1337 3383 Petrus
1366 3355 1457 3382 non
1488 3346 1557 3383 est
1586 3346 1722 3397 caput
1752 3341 1940 3384 ecclesie
1972 3343 2072 3384 663.

1178 3423 1231 3429 —
1263 3401 1468 3455 peccavit
1497 3405 1654 3442 contra
1683 3400 1950 3456 decalogum
1983 3402 2081 3442 145.

1177 3481 1231 3487 —
1264 3459 1438 3514 aliquas
1468 3472 1681 3514 personas
1713 3460 1966 3515 acceptavit
1996 3461 2095 3501 609.

1177 3541 1232 3547 —
1263 3531 1354 3559 non
1385 3518 1568 3560 fovebat
1598 3518 1835 3560 ecclesiam
1867 3520 1966 3560 609.

1175 3599 1232 3606 —
1277 3577 1503 3619 nitebatur
1546 3578 1763 3633 impedire
1806 3577 2169 3632 redempcionem

1232 3635 1418 3676 humani
1448 3636 1626 3691 generis
1657 3637 1756 3678 613.

1746 3710 1798 3752 51
