2528 4074
862 398 1168 439 GENERAL
1198 399 1420 439 INDEX.

129 548 329 604 Apostoli
357 547 491 588 fortes
520 546 567 588 in
596 545 714 588 bello
746 544 844 587 217.

131 632 186 639 -
217 605 531 662 spoliacionem
581 615 828 660 pauperum
873 602 1109 658 condemp-

185 668 348 706 narunt
377 664 476 706 254.

6 839 49 886 -ἑὲ
129 783 336 880 -6ῗ1ῗ1110
366 837 422 879 de
451 836 667 892 religione
696 836 872 891 privata
902 838 1000 879 533.

4 888 49 947 ,⁴⁹
130 922 185 929 —
215 903 261 939 et
289 900 527 951 sequentes
563 894 765 950 discipuli
795 895 999 951 regulam
1036 896 1109 938 ob-

185 959 418 998 servarunt
448 955 546 996 275.

4 1026 13 1059 ·,
51 1052 53 1054 ,
127 1039 185 1046 -
214 1015 263 1056 in
292 1013 434 1054 multa
462 1012 580 1054 vicia
610 1017 870 1054 corruerunt
901 1013 999 1055 677.

11 1122 15 1123 ⁷
61 1100 66 1102 -
129 1097 181 1104 —-
215 1073 396 1114 Petrum
425 1084 535 1112 num
564 1070 883 1112 consuluerunt
913 1073 1012 1114 666.

53 1167 58 1172 ,
126 1155 185 1162 -
212 1131 335 1186 pleni
363 1130 518 1185 spiritu
547 1134 700 1171 sancto
729 1129 911 1171 fuerunt
939 1132 1039 1173 499.

51 1236 53 1238 ,
128 1213 183 1220 -
213 1189 424 1241 sciebant,
455 1202 504 1230 se
532 1187 699 1230 habere
728 1193 963 1243 peccatum
992 1190 1092 1231 499.

126 1272 180 1279 —
210 1248 257 1288 in
299 1248 504 1302 pacienia
547 1259 630 1288 sua
666 1247 943 1289 voluntatem
981 1247 1110 1290 Oristi

182 1310 480 1361 conceperunt
510 1306 608 1347 616.

125 1388 180 1396 --
238 1365 492 1406 habuerunt
554 1367 821 1420 potestatem
891 1365 1107 1406 miracula

182 1423 375 1465 faciendi
405 1424 504 1465 618.

59 1510 61 1515 -
125 1505 179 1512 —
209 1482 448 1524 voluerunt
474 1481 692 1523 vindicari
721 1482 818 1524 610.

93 1552 99 1556 ·
123 1562 180 1572 -
211 1545 340 1582 erant
369 1540 564 1596 episcopi
594 1541 692 1582 629.

123 1622 178 1630 -
210 1599 267 1640 ad
295 1599 581 1641 intensiorem
612 1598 799 1654 gradum
819 1599 1106 1641 beatitudinis

179 1658 406 1714 attingunt
434 1658 533 1700 534.

127 1740 178 1747 —
210 1717 370 1772 quibus
399 1716 546 1759 verbis
567 1716 898 1758 consecratoriis
918 1717 1103 1758 uteban-

178 1780 264 1828 tur,
295 1789 386 1817 non
416 1779 484 1817 est
512 1787 620 1816 cura
649 1776 748 1817 259.

112 1857 179 1866 —
209 1847 237 1875 a
272 1835 406 1876 Petro
450 1847 541 1875 non
584 1834 838 1875 habuerunt
874 1833 1103 1876 confirma-

182 1893 356 1934 cionem
387 1893 487 1935 258.

123 1974 179 1982 —
209 1951 472 1993 auctoritate
508 1950 639 1993 Oristi
671 1956 843 2006 septem
883 1952 1105 2006 dyaconos

182 2010 417 2066 elegerunt
445 2011 545 2052 268.

122 2092 178 2100 -—
208 2069 418 2111 continue
447 2068 792 2123 predicaverunt
821 2070 919 2111 263.

122 2127 324 2169 —lorum
355 2127 529 2184 gladius
559 2128 799 2182 corporalis
830 2130 898 2170 68.

121 2209 178 2216 —
208 2187 359 2228 nullus
375 2186 641 2242 dampnatus
655 2191 804 2241 preter
818 2186 1019 2228 Scarioth
1035 2188 1103 2230 34.

122 2268 178 2276 —
211 2250 256 2287 et
275 2250 538 2287 sanctorum
567 2244 807 2301 collegium
839 2247 935 2288 134.

56 2343 59 2346 ,
124 2327 176 2333 -
209 2304 397 2359 quilibet
425 2305 584 2346 beatus
615 2317 694 2346 suo
724 2309 924 2360 tempore
955 2306 1023 2347 34.

123 2385 177 2392 —
208 2363 302 2404 vita
331 2375 504 2418 pauper
532 2366 579 2404 et
605 2375 742 2417 parca
772 2365 870 2406 134.

121 2444 176 2451 -
208 2422 424 2476 primatus
455 2422 553 2463 663.

121 2502 177 2509 —
207 2480 413 2536 princeps
443 2480 541 2535 quis
572 2481 671 2523 665.

122 2561 178 2568 —-
209 2538 384 2594 gladius
415 2540 514 2581 626.

122 2620 179 2627 —-
211 2597 376 2640 eleccio
406 2611 489 2654 per
519 2597 710 2639 Gristum
741 2598 839 2640 674.

119 2655 167 2696 111
198 2656 308 2698 —lis
337 2657 473 2698 Jesus
505 2655 703 2698 Christus
730 2657 905 2698 locutus
936 2661 1003 2698 est
1034 2658 1105 2699 68.

121 2737 176 2744 —
230 2715 339 2769 quid
381 2715 560 2770 spiritus
613 2720 792 2757 sanctus
837 2715 1109 2757 consuluerit

119 2832 244 2873 -los
315 2837 572 2874 manentem
648 2832 874 2874 civitatem
939 2832 1105 2874 habere

55 2935 57 2937 ,
181 2890 347 2932 Cristus
376 2892 520 2933 noluit
550 2893 649 2933 369.

119 2971 176 2978 -
206 2963 308 2991 suos
338 2949 506 2992 Oristus
527 2950 742 3006 disposuit
771 2950 829 2992 ad
859 2954 1023 2992 statum
1043 2950 1104 2991 al-

178 3008 343 3050 ciorem
372 3010 472 3051 452.

117 3078 199 3121 per
228 3090 283 3096 —
315 3067 515 3109 doctrina
542 3068 729 3109 inventa
758 3068 856 3110 267.

119 3147 174 3154 -
206 3126 458 3168 sacerdotes
488 3125 654 3168 Cristus
685 3126 906 3168 ordinavit
936 3127 1034 3168 259.

119 3183 372 3239 Apparatus
387 3190 669 3240 sumptuosus
689 3185 982 3227 cardinalium
1003 3186 1101 3227 690.

58 3247 75 3262 “
122 3242 403 3297 Apparencie
440 3243 553 3286 false
591 3249 744 3286 auctor
774 3244 992 3298 dyabolus
1036 3248 1103 3285 est

118 3359 344 3414 Appetere
372 3360 612 3415 puritatem
641 3366 761 3403 secte
792 3361 923 3403 Gristi
954 3362 1050 3402 144.

118 3418 396 3473 Approbacio
417 3418 600 3460 dominii
619 3419 727 3462 cleri
753 3420 894 3462 dotati
914 3425 959 3462 et
979 3432 1100 3462 men-

178 3476 428 3519 dicancium
458 3479 556 3520 686.

119 3557 177 3566 -
207 3535 281 3578 dei
310 3541 531 3578 sectarum
562 3538 631 3579 60.

118 3594 376 3650 Approbare
405 3600 549 3637 sectas
569 3599 637 3637 est
665 3595 848 3652 argucia
877 3607 984 3637 ceca
1014 3596 1084 3638 24.

2073 408 2175 455 727

1197 555 1288 583 11011
1316 542 1547 596 Approbat
1577 542 1742 585 Cristus
1773 546 1930 587 fratres
1961 548 2059 590 266.

1199 623 1252 630 -
1285 600 1664 642 mendicacionem
1683 603 1860 656 spiritus
1880 610 2058 647 sanctus
2082 608 2176 649 190.

1196 658 1498 713 Approbative
1514 659 1710 714 loquitur
1718 660 1828 702 deus
1845 662 1900 703 de
1910 665 2095 716 poruine
2111 666 2176 707 18.

20 775 22 782 .
49 715 69 723 ”
131 748 184 755 -
230 723 306 764 alii
341 722 525 763 Petrum
561 719 608 761 in
645 717 794 774 aliquo
832 719 1111 762 excedebant
1196 717 1514 772 Appropriacio
1547 718 1835 760 ecclesiarum
1866 722 1964 762 351.

1200 798 1254 804 -
1287 776 1574 816 ecclesiarum
1606 781 1673 818 est
1702 779 1988 832 perpetuacio
2019 780 2178 823 iniurie

1257 834 1444 875 ecclesie
1478 835 1574 876 132.

1198 905 1336 933 ——nes
1367 893 1654 934 ecclesiarum
1687 895 1922 948 1313195.

1198 974 1253 981 —-
1284 951 1455 1012 faciunt
1474 952 1636 993 multos
1650 953 1837 1008 populos
1855 954 2059 997 infideles
2082 957 2178 998 134.

1195 1023 1276 1065 per
1307 1032 1361 1039 —
1407 1010 1695 1052 ecclesiarum
1730 1012 1955 1069 theologie
1985 1014 2180 1056 studium

1256 1068 1523 1110 diminutum
1555 1074 1623 1111 est
1653 1071 1752 1112 272.

1196 1126 1495 1182 Appropriant
1510 1128 1716 1170 monachi
1738 1129 1936 1172 redditus
1959 1132 2181 1174 seculares

1195 1243 1490 1299 Appropriate
1520 1242 1702 1287 basilice
1733 1246 1947 1289 deficiunt
1973 1249 2020 1290 in
2050 1250 2180 1292 sectis

1256 1308 1301 1344 et
1332 1303 1604 1344 ornamentis
1639 1305 1734 1346 134.

1195 1361 1562 1416 Appropriatores
1595 1362 1882 1405 ecclesiarum
1915 1366 2012 1407 196.

1197 1443 1252 1451 --
1286 1420 1573 1461 ecclesiarum
1604 1426 1707 1462 sunt
1737 1423 1883 1464 amisti
1917 1425 2012 1465 133.

1195 1478 1326 1534 Aqua
1355 1479 1582 1534 sapiencie
1615 1484 1682 1521 est
1710 1480 1894 1536 limpida
1925 1483 2023 1524 213.

1195 1561 1249 1567 ——
1284 1537 1539 1579 tradicionis
1571 1542 1638 1579 est
1666 1539 1843 1581 turbida
1875 1542 1972 1583 213.

1195 1609 1278 1638 —e
1311 1597 1415 1638 vive
1446 1597 1545 1638 fons
1575 1597 1685 1639 deus
1717 1603 1784 1640 est
1815 1600 1913 1642 211.

1189 1654 1379 1697 Arbores
1407 1655 1632 1697 fructifere
1664 1657 1732 1699 72.

1193 1737 1248 1743 -
1279 1714 1552 1756 infructuose
1583 1719 1703 1757 secte
1736 1717 1804 1758 72.

1191 1773 1409 1814 Arceatur
1438 1773 1622 1826 illative,
1656 1787 1712 1815 ex
1743 1776 1903 1829 quibus
1933 1776 2073 1819 libere
2105 1778 2181 1819 eli-

1251 1836 1328 1887 gat
1358 1837 1525 1873 sectam
1559 1831 1688 1874 Cristi
1719 1834 1817 1876 275.

1193 1890 1558 1946 Archiepiscopos
1619 1905 1737 1947 papa
1797 1893 1915 1935 solus
1977 1895 2181 1937 ordinare

1251 1954 1399 2004 potest
1429 1951 1528 1991 259.

1193 2008 1336 2049 Ardor
1366 2008 1585 2063 cupidinis
1616 2013 1895 2051 terrenorum
1927 2012 1995 2053 71.

1195 2068 1250 2108 ab
1284 2090 1322 2096 —
1341 2081 1389 2108 re
1441 2067 1659 2122 cupidinis
1709 2073 1987 2111 terrenorum
2038 2083 2181 2113 sacer-

1254 2125 1379 2167 dotes
1411 2125 1576 2168 debent
1604 2127 1783 2181 plebem
1813 2134 2049 2184 protegere
2081 2131 2149 2172 71.

1192 2184 1388 2240 Argucia
1404 2198 1510 2226 ceca
1531 2185 1650 2240 quod
1670 2191 1791 2228 secte
1812 2187 1900 2229 sint
1915 2189 1972 2229 ab
1994 2189 2183 2231 ecclesia

1251 2244 1537 2298 approbande
1569 2245 1637 2286 24.

1196 2325 1250 2332 —
1281 2307 1440 2357 peccat
1468 2303 1515 2343 in
1546 2304 1736 2344 materia
1766 2309 1811 2346 et
1839 2305 1887 2346 in
1916 2305 2058 2347 forma
2089 2308 2158 2349 95.

1196 2384 1251 2391 —
1283 2361 1541 2417 gulosorum
1573 2363 1648 2416 973
1683 2364 1781 2404 346.

1195 2444 1250 2449 —
1281 2420 1464 2461 simialis
1495 2421 1682 2462 fratrum
1712 2422 1811 2463 464.

1195 2501 1249 2508 -
1281 2479 1466 2520 heretici
1496 2480 1855 2534 contempnenda
1885 2486 1952 2523 est
1982 2482 2081 2524 258.

1195 2561 1250 2567 -
1281 2538 1460 2579 infamis
1490 2539 1706 2579 anticristi
1736 2541 1834 2581 368.

1195 2597 1320 2638 —cie
1365 2601 1587 2638 sectarum
1625 2597 1681 2639 de
1722 2611 1805 2639 sua
1848 2599 2179 2654 preeminencia

1197 2737 1250 2743 —-
1282 2727 1374 2755 non
1404 2714 1574 2755 faciunt
1602 2714 1738 2756 fidem
1771 2716 1868 2758 174.

1196 2796 1251 2802 -
1283 2773 1498 2814 anticristi
1528 2774 1583 2814 de
1613 2787 1695 2815 sua
1723 2775 1920 2829 practica
1955 2789 2046 2817 non
2075 2781 2178 2818 sunt

1252 2832 1466 2873 memoria
1496 2832 1630 2888 digne
1664 2833 1762 2875 196.

1195 2914 1250 2919 —
1281 2891 1457 2946 singule
1488 2891 1703 2933 anticristi
1731 2891 1875 2934 solute
1909 2893 2006 2935 197.

1194 2972 1248 2979 -
1281 2949 1485 2992 merdose
1517 2950 1722 2991 ordinum
1751 2951 2025 3005 privatorum
2056 2954 2154 2994 530.

1194 3030 1249 3037 —
1280 3009 1462 3050 simialis
1492 3009 1671 3050 nuditas
1701 3011 1801 3051 467.

1103 3106 1106 3108 .
1193 3090 1247 3097 —
1279 3067 1482 3109 merdose
1513 3068 1652 3109 multe
1683 3069 1869 3109 fratrum
1898 3070 1997 3110 464.

1194 3148 1249 3156 —
1282 3126 1497 3167 anticristi
1542 3126 1755 3168 deficiunt
1799 3127 1846 3168 in
1898 3129 2085 3170 materia
2131 3133 2176 3171 et

1250 3185 1392 3226 forma
1423 3186 1521 3227 702.

1193 3266 1246 3273 -
1279 3243 1495 3285 anticristi
1527 3245 1623 3286 197.

1189 3302 1481 3358 Arguendum
1503 3307 1570 3344 est
1590 3303 1742 3344 durius
1764 3308 1918 3345 contra
1937 3308 2082 3345 sectas
2103 3305 2172 3346 24.

1187 3361 1514 3416 Argumentum
1542 3361 1794 3415 ydiotamm
1825 3363 1923 3404 701.

1187 3419 1476 3462 Arithmetice
1519 3421 1784 3476 principium
1828 3422 2054 3476 quantitas
2092 3422 2174 3464 dis-

1247 3484 1371 3520 creta
1401 3483 1469 3520 est
1497 3480 1596 3521 659.

1188 3537 1325 3579 Arma
1353 3537 1530 3593 spiritus
1559 3538 1702 3580 sancti
1731 3539 1830 3580 218.

1194 3596 1285 3638 —is
1314 3596 1527 3652 ypocrisis
1556 3601 1660 3638 sunt
1689 3597 1848 3639 fratres
1868 3598 2027 3640 armati
2056 3599 2126 3640 71.
