2528 4074
382 328 480 375 712
1082 321 1401 362 JOHANNIS
1439 321 1672 374 WIOLIF,
2096 317 2206 375 [cap.
2245 320 2383 377 7111,
2425 317 2440 354 ·.
2501 327 2509 344 2

374 467 506 516 inter
551 465 799 516 hereticos
845 465 1205 532 insensibiliter
1250 466 1315 515 sit
1361 465 1538 515 divisa.
1615 462 1829 514 Cessant
1875 463 2008 513 enim
2054 462 2109 511 in
2145 454 2368 514 secunda
2431 462 2435 463 ’

375 568 504 616 pace
542 558 594 600 et
618 567 720 600 non
747 542 923 600 dicunt
957 551 1167 600 terciam
1193 567 1374 615 pacem
1411 551 1465 600 in
1503 566 1668 615 opere,
1708 549 1798 599 sed
1821 547 1974 608 bella,
2003 543 2370 598 dissensiones²
2424 559 2436 593 .’

375 644 426 686 θῖ
463 635 797 701 spoliaciones
836 653 1118 701 pauperum
1155 620 1531 695 fraudulentas,
1582 640 1664 685 ex>
1692 634 1874 700 quibus
1921 640 1997 683 est
2031 633 2206 690 mult-is
2241 633 2368 683 veri·
2438 638 2451 690 ζ
2512 684 2515 693 ,

90 732 354 775 31Ash.f01·48⁶
375 722 553 782 simile,
595 722 729 787 quod
767 729 884 771 sunt
919 727 1271 786 procuratores
1301 721 1465 785 patuli
1490 720 1752 770 anticristi.
1781 725 1801 778 11
1829 718 2024 769 Cristus
2055 718 2197 768 -enim
2218 733 2368 768 'ama-

372 808 449 858 vit
485 807 731 856 unitatem
758 813 808 855 et
844 823 1041 871 pacem,
1083 813 1134 855 et
1169 823 1260 870 pro
1298 805 1410 870 ipsa
1447 805 1685 855 sustinuit
1722 805 1886 854 diram
1922 811 2152 854 mortem.
2222 802 2370 854 Anti·
2510 816 2517 848 ἰ

375 893 555 942 cristus
593 898 763 941 autem
802 908 829 940 e
856 898 1032 940 contra
1070 898 1210 940 amat
1247 890 1625 940 divisionem'et
1649 891 2029 955 separacionem
2054 890 2110 939 in
2133 888 2284 939 sectis
2320 895 2373 938 θῖ
2438 877 2445 902 ⁸

373 995 464 1042 pro
502 978 598 1026 hoc
636 977 735 1026 fine
771 983 1124 1041 procuratores
1162 976 1405 1040 plurimos
1451 974 1664 1025 subdole
1699 975 2079 1035 machinantur3
2127 991 2222 1024 nec
2267 990 2372 1024 ces-
2449 990 2452 1014 ῑ
2512 967 2513 970 ¹

373 1062 507 1113 sabit
543 1062 810 1112 innovacio
847 1062 947 1111 ista
985 1061 1229 1120 zizanica,
1272 1067 1546 1127 antequam
1584 1060 1708 1110 deus
1753 1077 1818 1110 ex
1855 1077 1948 1110 sua
1984 1060 2160 1125 gracia
2196 1059 2371 1125 expul-
2432 1065 2450 1098 5
2514 1072 2518 1095 ³

373 1149 440 1198 sis
477 1148 586 1197 istis
624 1146 881 1197 radicibus
928 1164 1020 1211 per
1071 1146 1314 1196 noticiam
1366 1162 1455 1196 sue
1507 1145 1634 1210 legis
1687 1145 1754 1195 ad
1799 1146 2062 1211 antiquam
2111 1145 2373 1195 reduxerit
2444 1135 2445 1139 ¹
2519 1206 2528 1220 Ὗ

373 1250 518 1282 suam
556 1232 823 1283 ecclesiam
860 1233 1114 1282 unionem.
2386 1237 2442 1298 1η
2519 1230 2528 1300 ’ἱ

514 1317 670 1368 Unde
707 1318 914 1384 quidam
953 1318 1163 1367 eliciunt
1201 1335 1265 1367 ex
1303 1318 1448 1382 signo
1486 1317 1689 1382 triplici,
1730 1316 1866 1382 quod
1891 1323 1968 1366 est
1993 1315 2264 1381 dyabolica
2300 1315 2371 1366 di·
2445 1301 2449 1351 3
2520 1336 2521 1340 ¹

373 1404 500 1454 visio
537 1404 591 1452 in
628 1404 724 1453 hiis
763 1404 936 1463 sectis;
986 1405 1151 1468 primo
1198 1421 1263 1453 ex
1299 1404 1420 1463 hoc,
1469 1403 1606 1468 quod
1650 1409 1825 1452 carent
1860 1387 2258 1452 fundacionein
2292 1418 2370 1452 ra·
2520 1412 2521 1423 ¹

374 1488 602 1539 cionibus
654 1489 919 1539 vivacibus
971 1489 1055 1539 vel
1107 1489 1372 1553 scriptura.
1448 1487 1519 1537 Et
1563 1487 1647 1538 vel
1693 1494 1891 1553 oportet
1932 1504 2123 1552 negare
2169 1487 2406 1538 deitatis¹

374 1573 528 1624 Cristi
565 1575 993 1639 omnipotenciam
1033 1592 1092 1625 ac
1120 1574 1535 1624 omniscienciam
1572 1573 1657 1623 vel
1694 1574 1882 1634 dicere,
1924 1573 2060 1639 quod
2096 1589 2257 1641 causa
2287 1590 2372 1623 ne-

374 1660 622 1710 cessitatis
660 1660 936 1709 inducendi
972 1661 1095 1710 istos
1133 1660 1334 1710 ordines
1379 1660 1464 1709 vel
1509 1666 1687 1724 pateat
1721 1660 1775 1708 in
1811 1658 2125 1719 racionibus‚
2164 1658 2249 1709 vel
2283 1675 2372 1724 pa·
2387 1665 2444 1702 1¹³³

373 1753 481 1795 teat
518 1753 607 1795 aut
631 1746 793 1795 lateat
816 1746 870 1794 in
893 1746 1132 1795 thesauro
1160 1745 1368 1810 dyaboli
1393 1762 1486 1810 per
1508 1751 1725 1809 tempus,
1765 1761 1864 1810 quo
1900 1750 2206 1809 regnaverat
2228 1743 2372 1794 Iesus
2431 1738 2438 1790 Ϊ

374 1830 586 1881 Cristus.
649 1830 721 1880 Et
759 1831 1022 1897 quodlibet
1058 1832 1283 1896 ipsorum
1323 1838 1398 1880 est
1434 1830 1639 1880 infamis
1676 1830 1867 1879 heresis
1905 1829 2200 1880 deridenda.
2261 1829 2371 1880 Nec
2442 1827 2446 1830 ’

374 1924 458 1972 θεῖ,
487 1917 640 1977 racio,
682 1934 839 1982 quare
877 1916 1073 1966 Cristus
1111 1934 1202 1981 per
1238 1917 1378 1966 mille
1416 1933 1574 1966 annos
1621 1923 1671 1965 θῖ
1709 1916 1926 1981 amplius
1971 1915 2133 1980 claret
2168 1933 2258 1966 sue
2293 1932 2371 1966 ec·

374 2002 527 2052 clesie
564 2002 716 2052 istam
754 2019 961 2053 causam
999 2009 1050 2052 θῖ
1086 2019 1177 2066 pro
1215 2008 1464 2066 tempore,
1515 2018 1613 2067 quo
1651 2002 1924 2052 suscitatus
1968 2001 2068 2051 fuit
2104 2001 2369 2068 dyabolus,
2443 1987 2445 1990 ¹

373 2088 690 2152 patefaceret
725 2088 849 2138 istas
888 2095 1076 2148 sectaS,
1125 2087 1413 2152 specialiter
1459 2104 1574 2137 cum
1619 2088 1714 2137 iste
1752 2095 1889 2138 secte
1926 2088 2136 2139 deviant
2170 2094 2371 2138 tantum
2393 2098 2403 2108 “

372 2173 438 2223 ab
477 2173 803 2223 ordinacione
841 2181 892 2223 θῖ
910 2173 1106 2238 'regula
1144 2173 1240 2223 dei.

517 2258 811 2309 Secundum
859 2259 1060 2323 signum
1105 2266 1202 2319 est,
1257 2259 1394 2325 quod
1444 2259 1540 2308 iste
1592 2266 1727 2309 secte
1778 2259 2080 2324 religionum
2125 2276 2372 2310 novarum
2436 2277 2438 2281 ·

370 2346 531 2394 instar
566 2345 897 2410 peccancium
935 2352 1052 2394 sunt
1090 2345 1340 2395 contrarie
1387 2344 1484 2394 sibi
1518 2345 1656 2409 ipsis.
1731 2345 1867 2394 Nam
1904 2361 2008 2393 una
2042 2361 2162 2409 pars
2198 2351 2372 2410 poten·

370 2431 477 2480 cior
524 2431 827 2481 contradicit
864 2431 1034 2491 alteri,
1086 2438 1137 2480 θῖ
1184 2448 1287 2480 una
1326 2430 1579 2496 antiquior
1615 2431 1830 2495 imponit
1865 2431 2264 2496 repugnanciam
2301 2430 2372 2480 al·
2430 2491 2441 2494 ¹

370 2516 467 2565 teri
503 2516 756 2581 sequenti,
812 2517 952 2582 quia,
1006 2523 1064 2566 ut
1100 2533 1220 2567 vere
1257 2516 1443 2582 inquit,
1498 2523 1670 2580 posset
1715 2523 1850 2566 stare
1894 2516 2110 2566 ecclesia
2145 2516 2200 2566 in
2235 2523 2372 2567 statu
2396 2523 2443 2551 '2'

369 2619 635 2666 prospero,
685 2602 727 2652 si
764 2602 957 2666 priores
996 2602 1102 2652 eius
1140 2609 1312 2667 partes
1349 2602 1557 2651 redacte
1594 2601 1784 2651 fuerint
1821 2602 1888 2652 ad
1923 2602 2178 2667 regulam,
2219 2619 2371 2669 quam
2390 2602 2396 2603 ’
2418 2615 2451 2670 ’,-

372 2685 568 2736 Cristus
605 2687 838 2736 instituit.
914 2687 1038 2737 Ideo
1077 2705 1180 2738 non
1219 2695 1295 2738 est
1331 2688 1484 2748 raci0‚
1527 2705 1684 2753 quare
1722 2695 1862 2738 secta
1908 2705 2122 2753 sequens
2157 2705 2262 2738 non
2296 2705 2370 2738 re—
2430 2674 2443 2726 ἶ

370 2779 568 2836 pugnat
602 2779 866 2838 tamquam
905 2774 1157 2823 contraria
1184 2773 1398 2823 ecclesie
1429 2773 1685 2833 militanti,
1726 2780 1777 2823 et
1814 2774 1884 2823 sic
1922 2773 2061 2838 prior
2097 2780 2237 2824 secta
2272 2774 2372 2825 fert
2430 2779 2431 2783 ’

369 2857 597 2918 moleste,
638 2858 774 2924 quod
811 2865 951 2907 secta
992 2875 1303 2924 consequens
1342 2859 1407 2908 sit
1442 2859 1496 2908 in
1534 2859 1804 2908 ecclesiam
1839 2859 2145 2909 introducta.

513 2943 624 2993 Nec
664 2950 741 2993 est
776 2942 928 2992 facile
966 2943 1163 2994 solvere
1199 2944 1322 2994 istas
1362 2945 1654 2995 evidencias
1692 2944 1862 2994 debite
1893 2952 2212 3010 prosecutas,
2250 2963 2371 2996 nam
2395 2957 2443 2998 Μ

371 3045 527 3092 opera
563 3029 647 3078 dei
683 3035 802 3079 sunt
838 3028 908 3078 sic
955 3029 1204 3093 perfecta,
1255 3031 1390 3095 quod
1427 3047 1530 3080 non
1577 3038 1653 3080 est
1690 3031 1897 3096 aliquod
1931 3031 2251 3081 individuum
2286 3030 2371 3083 vel
2427 3051 2431 3060 ·

370 3130 489 3178 pars
529 3131 718 3174 eorum,
761 3114 883 3180 quin
918 3114 1009 3164 fiat
1047 3132 1112 3164 ex
1149 3116 1345 3180 patenti
1385 3133 1542 3166 causa
1579 3122 1630 3165 et
1667 3117 1948 3166 certissima
1983 3117 2201 3167 racione.
2432 3108 2439 3119 ³

515 3199 752 3249 Tercium
791 3207 962 3249 autem
1001 3201 1201 3265 signum
1239 3201 1599 3265 superfluitatis
1637 3201 1849 3251 istarum
1889 3208 2142 3251 sectarum
2181 3209 2232 3252 et
2265 3202 2371 3253 vite
2433 3208 2457 3235 <¹

367 3284 641 3349 culpabilis
680 3286 835 3335 statui
871 3286 924 3334 in
961 3286 1073 3346 isto,
1116 3286 1250 3351 quod
1288 3303 1462 3336 omnes
1501 3286 1589 3335 ille
1615 3286 1876 3337 dimittunt
1911 3287 2143 3352 regulam
2181 3287 2371 3338 domini
2421 3295 2436 3330 ’ἵ

486 3449 504 3474 ²
535 3452 829 3495 discensiones
845 3455 943 3495 MS.
