2528 4074
407 379 507 427 772

401 518 651 572 Hospitales
670 518 830 559 milites
858 515 1198 561 adinvenciones
1226 532 1362 561 novas
1448 519 1657 560 Humana
1685 521 1806 559 carta
1834 518 1890 559 ad
1927 517 2285 560 iustificacionem
2320 531 2418 560 80·
2445 523 2448 526 “

458 575 657 617 deserere
688 575 850 616 debent
878 576 974 617 270.

402 632 564 673 -lium
603 637 723 673 secta
760 645 838 686 per
867 633 1003 674 verba
1032 634 1244 687 aprocrifa
1274 648 1361 675 non
1394 635 1398 638 ’

459 694 525 730 est
551 689 826 731 iustificanda
855 690 952 731 271.

398 769 452 775 -
474 747 688 801 obligacio
706 747 877 800 privata
891 747 1123 788 multorum
1138 748 1358 789 conscien-

455 804 543 859 cias
573 810 726 845 onerat
754 805 851 845 270.

396 860 681 915 Hospitalitas
704 860 878 901 videtur
906 861 1123 901 medicina
1151 861 1257 916 fuge
1287 864 1355 903 55.

395 917 601 972 Hospites
630 922 744 958 terre
774 917 928 958 fratres
959 919 1054 959 103.

393 974 553 1016 Hostes
582 979 669 1015 tres
698 974 920 1014 hominum
953 975 1048 1015 119.

392 1031 548 1072 Hostia
591 1036 843 1072 consecrata
885 1044 974 1071 non
1009 1032 1132 1085 ponit
1167 1033 1353 1075 colorem

450 1088 522 1129 vel
550 1087 735 1142 figuram
765 1089 833 1129 28.
1009 1121 1013 1127 .

391 1168 443 1174 -
462 1149 714 1186 consecrata
729 1146 834 1199 quid
850 1146 905 1186 sit
918 1145 964 1186 in
978 1150 1178 1187 materna
1190 1147 1355 1202 ling-wa

446 1202 625 1243 heretici
658 1215 747 1242 non
785 1202 949 1243 audent
969 1202 1122 1244 dicere
1151 1202 1353 1246 fidelibus

389 1339 442 1344 —
473 1321 727 1358 consecrata
757 1321 823 1357 est
850 1317 1109 1359 naturaliter
1127 1331 1257 1359 verus
1276 1331 1350 1373 pa-

443 1374 510 1414 nis
537 1376 634 1416 398.

389 1453 443 1460 -—
473 1435 727 1484 consecrata
755 1431 997 1486 figuraliter
1018 1437 1083 1473 est
1102 1447 1256 1487 corpus
1277 1434 1348 1475 do-

441 1488 546 1528 mini
576 1490 681 1541 3983
713 1490 810 1530 399.

385 1567 438 1574 —
470 1550 721 1586 consecrata
757 1551 824 1586 est
859 1546 1081 1599 quantitas
1119 1548 1212 1589 sine
1248 1549 1346 1589 sub-

441 1602 553 1643 iecto
585 1603 681 1643 398.

383 1680 436 1687 —
459 1664 711 1700 consecrata
731 1665 797 1700 est
816 1660 1017 1701 accidens
1037 1661 1131 1702 sine
1151 1663 1345 1704 subiecto

382 1796 434 1801 —
466 1779 718 1815 consecrata
742 1779 808 1815 est
828 1775 1016 1828 qualitas
1036 1776 1129 1817 sine
1149 1777 1343 1818 subiecto

380 1913 431 1918 —
462 1893 714 1929 consecrata
751 1894 816 1929 est
853 1890 1115 1944 aggregacio
1145 1891 1343 1932 acciden-

437 1945 552 1985 cium
581 1946 673 1986 sive
702 1945 835 1986 nichil
865 1948 962 1988 398.

379 2024 432 2030 -
465 2007 531 2043 est
559 2015 663 2044 vere
692 2003 817 2057 panis
847 2008 892 2045 et
920 2017 1075 2057 corpus
1096 2004 1222 2046 Cristi
1243 2006 1340 2047 262.

378 2081 431 2087 —
462 2073 550 2100 non
580 2073 675 2101 esse
705 2074 860 2114 corpus
887 2060 1014 2102 Cristi
1044 2067 1161 2103 secte
1192 2062 1343 2104 dicunt

378 2196 430 2202 -—
461 2186 552 2215 una
581 2179 647 2216 est
676 2187 731 2215 ex
761 2175 957 2216 doctrina
986 2175 1113 2217 Cristi
1142 2177 1238 2218 381.

377 2253 431 2259 -—
463 2236 529 2272 est
553 2232 731 2272 unicum
760 2245 915 2286 corpus
946 2232 1071 2274 Cristi
1101 2236 1198 2276 381.

377 2310 429 2316 —
460 2294 713 2330 consecrata
741 2290 838 2330 381.

376 2369 429 2374 -
461 2346 636 2387 cottidie
666 2347 711 2386 in
741 2347 869 2387 altari
896 2352 1108 2389 tractatur
1137 2349 1232 2390 384.

375 2403 429 2443 de
451 2426 504 2432 —
525 2408 642 2445 secte
671 2405 832 2458 populo
862 2404 992 2445 fidem
1023 2405 1248 2460 antiquam
1279 2407 1340 2446 di-

434 2466 539 2502 cunt
568 2463 664 2502 381.

375 2540 427 2546 -
460 2518 610 2560 dicunt
636 2518 835 2560 infideles
865 2532 912 2560 se
943 2519 1120 2560 credere
1141 2521 1252 2561 sicut
1271 2533 1339 2562 ec-

433 2575 567 2616 clesia
596 2577 693 2618 383.

376 2655 429 2660 —
460 2632 581 2673 laicis
609 2647 698 2674 non
728 2637 794 2673 est
823 2633 1120 2675 disserendum
1150 2636 1246 2677 383.

377 2712 429 2718 --
447 2690 564 2743 quod
573 2690 721 2731 dicant
728 2691 996 2731 sentenciam
1010 2705 1194 2746 regnum
1210 2693 1338 2733 sectis

431 2747 661 2802 iniungere
688 2752 834 2801 posset
869 2749 964 2789 382.

371 2804 573 2845 Hostiam
623 2817 718 2846 esse
762 2818 916 2858 corpus
961 2804 1087 2846 Cristi
1131 2810 1248 2847 secte
1292 2807 1338 2847 in

429 2862 555 2902 scolis
583 2866 749 2917 negant
777 2863 874 2903 381.

374 2941 424 2948 —
459 2932 553 2960 esse
583 2919 785 2960 accidens
819 2919 913 2960 sine
942 2920 1191 2961 substancia
1219 2925 1337 2962 secte

431 2976 581 3017 dicunt
609 2978 706 3018 381.

374 3056 426 3062 -—
449 3046 602 3087 corpus
618 3033 744 3075 Cristi
764 3046 859 3075 esse
873 3033 1025 3075 fideles
1040 3034 1223 3075 credunt
1237 3036 1334 3076 383.

372 3114 424 3119 —
475 3091 637 3132 virtute
683 3092 915 3132 verborum
972 3091 1135 3133 domini
1183 3105 1336 3146 corpus

430 3147 556 3190 Cristi
586 3161 680 3190 esse
708 3148 810 3189 laici
838 3149 1022 3190 credunt
1050 3150 1147 3190 383.

371 3205 487 3246 ——tie
517 3210 766 3247 consecrate
794 3205 902 3247 fides
932 3206 1171 3247 orthodoxa
1200 3207 1298 3248 282.

370 3262 604 3303 Hostiatim
642 3263 891 3304 mendicare
925 3277 1013 3304 non
1043 3263 1251 3304 fundatur
1280 3276 1335 3304 ex

427 3320 670 3375 ewangelio
702 3322 797 3361 188.

369 3375 578 3418 Humana
607 3378 773 3431 species
793 3377 958 3418 Cristus
987 3377 1128 3418 factus
1149 3381 1215 3418 est
1235 3378 1332 3418 330.

370 3456 423 3461 —
455 3435 655 3475 statuicio
685 3435 1066 3475 observanciarum
1095 3434 1334 3476 secundum

427 3491 530 3543 quid
560 3504 742 3533 erronea
771 3496 836 3532 est
863 3493 1104 3533 496-497,

1134 377 1431 416 GENERAL
1460 377 1681 417 INDEX.

1503 576 1642 617 lerum
1671 576 1803 616 nichil
1831 575 1952 617 valet
1982 576 2078 617 136.
2415 615 2417 618 ,
2462 614 2463 617 ,

1449 655 1500 663 -—
1531 633 1770 687 prudencia
1787 646 1876 674 non
1894 632 2055 674 sufficit
2072 632 2218 674 facere
2235 631 2381 686 religi
2461 635 2463 661 l

1502 703 1604 731 nem
1633 690 1726 731 sine
1761 690 1936 731 defectu
1965 690 2063 731 491.
2462 688 2465 706 ‘

1445 760 1606 787 —num
1635 760 1774 801 genus
1802 759 1951 788 creare
1980 751 2026 788 et
2053 746 2208 801 regere
2235 746 2333 787 208.

1444 817 1579 844 —nes
1607 803 1868 845 tradiciones
1895 804 2143 858 relinquere
2174 803 2270 844 140.
2465 850 2467 857 Ι

1442 860 1680 901 secundum
1713 873 1847 901 —nas
1872 861 2048 916 regulas
2075 864 2194 902 secte
2222 859 2423 906 fundate
2466 871 2468 918 ξ

1441 973 1703 1014 Humanitas
1724 973 1852 1015 Cristi
1879 975 2088 1028 processit
2114 975 2160 1015 in
2187 973 2277 1016 fine
2296 979 2405 1015 tem-
2468 994 2469 1005 2

1496 1031 1612 1084 poris
1644 1031 1739 1072 163.

1439 1087 1532 1129 81110
1565 1092 1710 1128 —tate
1731 1087 1859 1129 Cristi
1881 1088 2066 1129 ecclesia
2083 1089 2226 1142 potuit
2243 1088 2425 1129 salvari
2469 1089 2473 1119 ἶ

1438 1201 1626 1242 Humilis
1646 1206 1691 1243 et
1709 1201 1767 1242 ad
1785 1200 2064 1243 serviendum
2076 1202 2160 1244 (100
2178 1207 2429 1257 promptus
2472 1203 2473 1215 ³

1495 1259 1678 1313 quisque
1708 1259 1840 1300 debet
1869 1270 1964 1299 esse
1996 1259 2425 1300 125..
2474 1294 2475 1297 ,

1438 1316 1573 1357 -iles
1610 1329 1794 1370 persone
1832 1328 1860 1356 a
1901 1315 1984 1357 deo
2026 1315 2292 1371 stipendium
2327 1328 2407 1358 ex·
2473 1315 2475 1318 ⁴

1496 1378 1742 1427 spectantes
1773 1374 1870 1414 270.
2473 1384 2477 1392 ’

1434 1430 1671 1471 Humilitas
1702 1430 1828 1471 Oristi
1864 1442 1943 1484 per
1978 1426 2138 1471 multos
2165 1429 2404 1519 despicitur

1435 1545 1592 1585 —tatis
1622 1544 1748 1586 Cristi
1776 1545 2056 1586 conversacio
2085 1545 2183 1586 396.

1432 1601 1478 1641 111
1508 1625 1562 1631 -
1593 1602 1733 1657 gradu
1762 1601 1990 1642 cristianus
2007 1615 2097 1643 non
2115 1606 2260 1655 potest
2278 1601 2402 1656 equi-

1493 1660 1637 1713 parari
1670 1660 1765 1700 184.

1431 1721 1580 1757 -tate
1623 1721 1756 1770 atque
1798 1715 2008 1770 pauperie
2053 1715 2180 1758 Cristi
2222 1715 2285 1757 d'u

1488 1768 1606 1815 secte
1637 1774 1905 1815 extolluntur
1932 1774 2030 1815 396.

1429 1831 1600 1872 Humor
1627 1831 1896 1872 contrahitur
1922 1843 1951 1871 8
1977 1830 2124 1872 radice
2154 1831 2252 1872 162.

1890 1957 1970 2003 I.—

1427 2059 1645 2100 Ierarchie
1673 2064 1762 2100 tres
1791 2060 1976 2102 celestes
2005 2061 2103 2102 660.

1427 2116 1548 2171 Ignis
1577 2116 1742 2157 invidie
1771 2117 1951 2158 fratrum
1981 2129 2192 2159 accensus
2220 2117 2289 2160 42.

1426 2174 1520 2214 81110
1550 2186 1633 2214 -0
1662 2174 1775 2215 bono
1804 2175 1997 2216 caritatis
2025 2179 2128 2232 sunt
2154 2178 2274 2216 secte
2301 2174 2372 2217 41.
2478 2186 2481 2214 ;

1426 2231 1687 2285 Ignorancia
1714 2235 1994 2285 patronorum
2023 2232 2134 2287 legis
2163 2231 2292 2274 Gristi
2320 2233 2377 2274 96
2402 2234 2407 2284 ᾗ

1426 2288 1635 2343 Ignorare
1664 2288 1797 2329 nichil
1815 2302 1899 2330 nec
1918 2289 2092 2331 mentiri
2109 2289 2252 2344 potuit
2266 2289 2332 2332 12:
2351 2305 2395 2325 ¹<

1485 2345 1649 2386 Gristus
1679 2347 1746 2387 68.

1424 2402 1624 2444 Illatores
1651 2403 1906 2444 infructuosi
1938 2404 2006 2445 72.

1429 2481 1480 2489 --·
1513 2460 1775 2501 defraudant
1803 2460 1858 2501 de
1888 2460 2133 2515 ewangelio
2162 2462 2232 2503 28.

1424 2517 1640 2558 Illibertat
1675 2518 1923 2559 anticristus
1967 2518 2197 2560 ecclesiam
2267 2548 2271 2554 .
2320 2516 2350 2554 ’.ι

1423 2632 1607 2673 Illicitus
1636 2645 1758 2673 amor
1785 2632 2090 2687 temporalium
2120 2633 2217 2674 702.

1422 2689 1575 2730 mudit
1638 2690 1904 2744 simplicibus
1968 2690 2103 2732 frater
2164 2689 2270 2744 spiri
2300 2708 2306 2725 o

1482 2746 1735 2801 suffragium
1763 2747 1961 2789 vendens
1991 2748 2088 2789 333.

1424 2817 1501 2844 cur
1531 2804 1795 2846 —ludantur
1822 2818 1962 2860 regna
1991 2806 2088 2846 251.
2371 2842 2374 2845 .

1421 2861 1572 2902 Illusio
1607 2861 1756 2902 iudicii
1792 2862 1847 2903 de
1883 2867 2033 2904 sancto
2061 2861 2236 2904 homine
2265 2893 2266 2896 η
2296 2875 2385 2902 ’.ω-’τ

1479 2923 1598 2959 tatur
1625 2919 1723 2960 471.

1424 2976 1570 3016 —ioni
1600 2976 1671 3017 dei
1699 2976 1981 3030 propinquior
2008 2976 2138 3018 ludus
2168 2977 2267 3019 334.
2335 2999 2339 3007 v

1424 3033 1602 3074 —iones
1633 3033 1809 3086 dyaboli
1839 3035 1936 3075 534.

1421 3090 1626 3131 Illusores
1655 3096 1773 3132 secte
1804 3092 1881 3144 68;
1913 3092 1982 3132 69.

1421 3148 1589 3188 Imitari
1618 3147 1827 3189 debemus
1856 3123 1988 3189 deum
2016 3148 2320 3203 specialiter

1421 3218 1510 3246 non
1538 3205 1770 3246 Imitantur
1796 3206 1914 3247 secte
1933 3219 2034 3247 suos
2049 3210 2257 3260 patronos
2287 3204 2382 3252 ss

1423 3262 1638 3303 —tandus
1668 3262 1831 3303 Cristus
1863 3264 1958 3304 100.

1420 3319 1752 3361 Immaculatam
1802 3321 1948 3374 legem
1993 3319 2119 3362 Cristi
2169 3319 2247 3361 (11

1419 3407 1667 3475 Immediati
1694 3433 1849 3475 fratres
1876 3434 1957 3475 sub
1985 3446 2103 3489 papa
2131 3433 2231 3479 108.
2346 3460 2355 3466 -
2380 3461 2382 3466 ·
2464 3455 2469 3466 ··
2498 3459 2500 3490 1

1419 3491 1659 3532 Immiscuit
1676 3495 1802 3545 pater
1820 3491 2002 3546 laqueos
2020 3491 2295 3546 voluptatum
2314 3483 2404 3533 53.
2468 3495 2477 3500 ’
